4717 6050
733 411 809 482 ,ω
1062 375 1136 458 vr
1191 335 1829 454 acuar'rovrur

685 578 1015 686 MCCCCLII.
1039 606 1194 704 vsque
1218 572 1283 670 ad
1304 573 1405 672 LV.
1415 603 1600 669 annum
1621 569 1853 668 inclusue
1874 572 2037 671 multa
2056 579 2179 681 iacta

686 717 825 801 raet
861 697 1183 826 spiritualium
1216 709 1267 789 et
1298 691 1645 818 temporalium
1675 692 1838 786 extitit
1870 721 1967 817 per
2013 693 2079 790 Ca
2109 703 2180 797 itu.

686 823 792 918 lum
830 815 1051 914 eiusdem
1081 814 1379 949 gubernata,
1410 807 1606 904 demum
1628 807 1746 945 dum
1776 809 2056 933 Imperator
2074 731 2178 916 llum

690 939 756 1034 ad
787 933 980 1080 praelati
1001 931 1192 1026 domini
1217 929 1517 1022 electionem
1536 923 1814 1054 praebuisset
1833 927 2068 1024 assensum
2083 936 2178 1062 (quo

689 1055 860 1269 lspirrtu
893 1063 1149 1180 permotus
1180 1043 1368 1166 nescio)
1399 1059 1548 1170 atque
1582 1041 1797 1140 eundem
1833 1075 1986 1140 manu
2016 1058 2179 1178 propria

711 1204 743 1268 u

744 1202 877 1268 mmo
908 1164 1132 1303 pontifici
1160 1161 1400 1302 insinuare
1431 1191 1535 1258 non
1554 1159 1715 1288 posler
1748 1161 1894 1276 asset,'
1925 1164 2122 1264 obtenta
2136 1171 2179 1265 el

571 1360 584 1374 „
727 1287 887 1388 raesati
920 1284 1110 1381 domim
1145 1283 1295 1378 clectr
1320 1279 1647 1376 confirmatio
1707 1191 1810 1400 &ui
1836 1294 1888 1373 et
1914 1288 2087 1380 mu'nus
2108 1289 2178 1383 sua

690 1323 1057 1508 Benedictionis
1094 1431 1151 1496 ae
1189 1397 1574 1496 consecrationis
1604 1393 1668 1492 de
1701 1396 1866 1492 mense
1897 1399 2031 1522 -Maij
2060 1434 2088 1496 a
2115 1405 2177 1500 suo

691 1521 1094 1649 Metropolitano
1127 1517 1357 1642 suscepit,
1386 1517 1473 1640 qui
1504 1530 1557 1611 et
1585 1543 1705 1610 mox
1735 1514 1906 1609 audita
1935 1518 2020 1612 sua
2043 1520 2179 1615 confir.

693 1645 923 1741 mationa·
946 1636 1030 1732 sub
1065 1633 1227 1760 specie
1261 1633 1505 1760 caritatiui
1534 1631 1718 1757 subsidij
1811 1663 1960 1729 auem
2003 1641 2180 1732 exactio·

695 1793 810 1858 nem
843 1759 929 1852 sub
961 1749 1287 1850 ecclesiasticis
1320 1753 1498 1874 poenis
1548 1764 1600 1846 et
1643 1780 1737 1856 cen
1757 1752 1885 1866 uris,
1926 1784 1959 1846 a
1999 1756 2178 1881 praelati

696 1895 748 1977 et
780 1878 915 1971 clero
956 1868 1166 1966 extorsrt²
1212 1869 1407 1964 suorum
1483 1867 1853 1964 raedecessorum
1878 1901 2050 1966 more.
2112 1873 2181 1981 tic,

694 1995 967 2094 Vdalrious'
985 1989 1247 2114 episcopus
1285 2015 1348 2081 ex
1377 1901 1536 2082 nolui
1560 1985 1849 2111 strenueque
1884 1987 1953 2084 de
1982 1984 2181 2086 Nusdors

695 2113 840 2243 prosa
875 2111 923 2234 ia
955 2106 1152 2233 genitus
1188 2103 1365 2242 extitit.
1408 2107 1494 2230 qui
1543 2102 1769 2230 pluribus
1811 2106 2076 2248 priuilegijs
2111 2107 2176 2198 lm·

688 2143 968 2362 ‚parielibus
996 2221 1343 2354 sunt-mumu,
1372 2219 1449 2346 Ita
1479 2236 1538 2320 vt
1565 2219 1649 2345 ipli
1681 2252 1853 2317 eorum
1875 2257 1938 2320 ex
1961 2223 2176 2348 surpehae·

510 2359 516 2368 ’
695 2346 919 2446 reditarii
946 2337 1226 2436 Senescalci
1259 2338 1698 2465 Archipraesulatus
1742 2338 2115 2468 saltzburgensis
2141 2341 2175 2432 iu

671 2468 922 2584 ‚omnium
969 2457 1374 2580 subscriptionum
1416 2455 1572 2551 titulis
1617 2454 1980 2554 honorabiliter
2059 2455 2174 2554 rocla

697 2598 923 2693 utentur,
975 2575 1215 2713 genitrice
1259 2571 1324 2667 de
1344 2574 1618 2786 ..praeclaris
1641 2575 1970 2785 parentibus,
2020 2489 2177 2671 lausa

697 2715 848 2798 natue
877 2692 1062 2790 indohs
1106 2705 1284 2786 aruum
1324 2689 1360 2784 h
1395 2690 1600 2785 erahum
1664 2689 1967 2788 undamenta
2009 2689 2174 2814 adeptus

699 2817 753 2916 in
785 2814 1032 2912 Patauino
1062 2799 1218 2902 Italiae
1262 2805 1528 2933 Gymnasro
1566 2808 2095 2906 sacrorum-Canopum
2127 2807 2172 2897 iu·

697 2935 837 3032 ribus
869 2929 1156 3027 doctoratus
1187 2929 1376 3048 apicem
1406 2923 1722 3022 laudabiliter
1751 2957 1807 3020 ac
1841 2929 2029 3043 ‘uisruit5
2087 2919 2174 3017 Inde

699 3056 756 3150 in
784 3042 1059 3143 serenissimi
1086 3042 1221 3169 regis
1263 3042 1482 3138 Ladislai
1530 3043 1780 3183 quondam
1869 3040 2175 3175 ngariae-Can·

702 3164 906 3304 cellaria
954 3160 1386 3371 prothonotapium
1418 3163 1704 3302 constitutus
1743 3164 1893 3305 euasit
1921 3180 1983 3303 vt
2006 3159 2172 3373 suprpipp

698 3278 2114 3525 {lilasgglgulllulllllllleptlalllrlatulblililllenlaltrrlficclgrollgtls
2140 3400 2171 3478 et

698 3522 939 3615 'inunctus
981 3514 1102 3628 suit,
1169 3511 1295 3609 Cum
1337 3544 1461 3609 vero
1501 3523 1580 3610 tot
1621 3516 1908 3613 horroribus«
1941 3516 2168 3612 fulciretur,

702 3632 984 3733 Ladtsuuc
1010 3662 1099 3726 rex
1141 3633 1196 3725 in
1242 3630 1473 3757 legatum
1510 3632 1774 3758 prouidum
1823 3636 1896 3747 adt
1934 3628 2167 3751 Lutzesbur·

697 3752 903 3881 geniem
935 3748 1165 3879 ducatum
1197 3778 1317 3877 erga
1346 3746 1524 3845 Gallos
1550 3768 1857 3889 pertractare
1881 3757 1989 3850 eius
2014 3742 2169 3874 legatio

705 3890 821 3965 nam
854 3866 1072 3992 permisit.
1096 3866 1447 4077 (puemzetiam
1467 3898 1654 3992 malote
1674 3870 1973 3967 confidentia
1991 3880 2166 3986 rex'ptae·

705 3989 871 4082 dictus
900 3983 963 4078 ad
998 3981 1115 4080 Chri
1151 3984 1437 4106 ianissrmurrr
1458 3986 1758 4080 Francorum
1792 3988 2020 4085 Carolum
2046 4014 2090 4075 re
2114 3997 2163 4065 effi

698 4133 817 4201 eum
848 4104 968 4199 viris
990 4099 1382 4213 decoratissimis‚
1398 4102 1652 4228 ‘preclaris
1672 4135 1730 4197 co
1767 4106 1823 4227 ijs
1849 4131 1942 4233 pro
1964 4004 2163 4296 eiusllap

698 4220 887 4316 dasena
921 4220 1094 4345 sponsa
1125 4218 1418 4317 abducenda
1453 4222 1601 4337 misit,
1660 4136 1772 4316 sel
1785 4223 1902 4337 dum
1921 4221 2104 4320 Bohem
2129 4226 2162 4342 ,t

703 4338 830 4434 dote
858 4353 909 4433 et
939 4337 1048 4452 aliis
1077 4350 1373 4452 tractarent,
1405 4336 1579 4433 sinistra
1619 4339 1818 4434 fortuna
1853 4344 1981 4437 hunc
2010 4317 2162 4455 ilsnsrs·

492 4556 495 4559 ,
656 4514 660 4525 ·
701 4454 1069 4581 limumregem
1089 4456 1203 4550 tusi-t
1236 4453 1492 4575 emedio,
1524 4459 1664 4551 etsie
1696 4458 1779 4584 spe
1811 4460 1894 4554 sua
1915 4446 2163 4557 [mantin

656 4644 660 4654 -
699 4575 799 4679 §lea
832 4572 1023 4705 absque
1046 4568 1360 4671 Francorum
1386 4578 1517 4705 regia
1546 4572 1649 4671 filia
1675 4576 1853 4674 teucri
1868 4579 1986 4677 sunt
2011 4566 2158 4766 adpaw
2233 4681 2234 4700 Ν

760 4738 765 4749 ·
808 4713 852 4745 “’
2040 4705 2099 4808 12¹¹
