4717 6050
1330 10 1343 58 b

823 384 1071 507 onnon.
1097 373 1475 505 averniae,
1722 408 1804 533 ης·
1928 455 1931 458 -

333 615 390 723 in
424 617 656 721 auditum.
675 621 762 737 ad
804 655 956 721 vnum
993 628 1203 727 Ducem
1245 639 1324 721 tot
1370 642 1422 723 et
1452 640 1615 723 tantas
1644 627 1851 744 illustros
1947 739 1951 747 ¹

330 749 604 839 conuenire
629 745 875 869 personas.
907 760 959 839 et
974 757 1222 841 venerunt
1244 774 1354 839 cum
1373 760 1515 840 tanta
1536 748 1852 843 multitudine

333 858 380 955 V
449 891 642 957 arorum
669 876 726 955 et
758 890 1088 956 comanorum.
1121 862 1259 986 quod
1284 864 1369 962 vix
1398 877 1632 987 poterant
1657 866 1848 961 inveni-

329 1009 412 1072 re·
447 979 625 1105 ospicia
655 979 933 1072 in‘ciuit‘ate
967 978 1019 1070 in
1042 1008 1142 1072 vno
1170 980 1548 1104 circumquaque
1574 995 1712 1075 extra
1734 1008 1849 1105 por-

327 1108 407 1189 tas
434 1094 658 1190 Ciuitatis
681 1110 977 1217 receperunt
1001 1094 1062 1187 se.
1094 1126 1204 1187 cum
1233 1099 1373 1219 equis
1396 1096 1502 1190 suis
1539 1098 1591 1189 iu
1609 1096 1847 1195 cubiculis

333 1227 383 1305 et
413 1211 601 1306 stabulis
631 1226 682 1303 et
707 1212 925 1305 cameris.
946 1215 1012 1327 *in
1036 1210 1195 1305 stubis.
1219 1212 1302 1305 De
1327 1210 1420 1305 suis
1443 1212 1670 1307 comodis
1689 1212 1849 1321 homi-

327 1328 476 1423 nibus
511 1327 716 1455 expulsis
752 1341 803 1421 et
838 1329 1021 1423 eiectis
1064 1326 1166 1538 (qui
1192 1358 1302 1421 cum
1327 1329 1433 1422 suas
1458 1331 1712 1456 nequicias
1732 1360 1850 1427 eum
1945 1396 1962 1407 -

330 1444 564 1541 uxoribus
590 1458 641 1539 et
666 1442 864 1543 filiabus
881 1460 933 1539 et
955 1446 1086 1542 ancil
1108 1447 1148 1539 is
1173 1444 1445 1568 proborum
1469 1447 1700 1541 virorum.
1737 1475 1849 1543 curn

323 1562 507 1771 quibus
532 1563 626 1656 boi
657 1561 914 1655 itabantur.
952 1576 1191 1687 cuperent
1212 1592 1461 1658 exercere.
1489 1578 1627 1657 extra
1650 1578 1847 1688 portam

367 1710 471 1802 upe.
506 1596 816 1801 (Stubbutbor)
852 1681 1177 1773 aconuicinis
1212 1694 1263 1773 et
1299 1680 1705 1775 concurrentibus
1741 1682 1846 1777 De·

323 1825 436 1888 cem
458 1797 505 1889 in
530 1828 626 1891 vna
646 1795 714 1891 stu
752 1797 906 1893 aiunt
927 1796 1080 1891 occisi
1142 1796 1198 1889 In
1220 1794 1396 1890 eadem
1416 1801 1462 1893 ie
1500 1798 1698 1893 timana
1721 1797 1850 1895 feria

304 1929 503 2036 quarta
536 1916 588 2007 in
619 1828 868 2040 preibncia
901 1928 1152 2007 tantorum
1190 1913 1431 2006 nobilium
1455 1828 1846 2036 Kapradictorum

321 2032 582 2154 copulauit
616 2062 705 2127 rex
729 2031 944 2154 Vngaric
976 2030 1124 2121 filiam
1151 2028 1295 2121 suam.
1319 2028 1422 2121 filio
1447 2032 1577 2239 repis
1601 2029 1849 2125 Bohemie
1935 2106 1938 2110 ,
2052 2083 2067 2096 -·

322 2162 439 2264 curn
474 2151 663 2360 iniqenti
694 2147 914 2269 tripudio
939 2159 999 2239 'et
1031 2144 1397 2269 sollempnitate
1426 2160 1483 2239 ut

294 2350 297 2357 .
324 2263 518 2387 princip
575 2295 644 2356 us.
679 2279 730 2357 et
748 2278 855 2356 tota
876 2277 1006 2357 terra
1027 2261 1189 2387 gauisa
1209 2259 1285 2354 en
1309 2262 1391 2353 De
1412 2294 1535 2384 pace
1565 2277 1617 2355 et
1635 2292 1850 2358 concor·-

332 2374 415 2469 dia
450 2394 699 2475 tantorum
733 2380 1021 2503 principum.
1067 2377 1186 2471 Deo
1225 2375 1500 2471 referentes
1539 2379 1751 2503 graciam
1786 2396 1846 2478 et

324 2492 547 2705 pieriam.
572 2510 621 2592 et
643 2494 701 2591 lic
726 2510 897 2591 omues
918 2494 1091 2589 reuerfi
1106 2495 1214 2588 iunt
1234 2492 1297 2587 ad
1311 2496 1523 2618 propria.
1584 2496 1676 2589 His
1687 2499 1844 2593 omni·
1892 2505 1897 2522 ‘

364 2639 419 2701 us
452 2615 545 2707 rite
575 2629 624 2707 et
649 2611 850 2706 honeste
875 2613 1101 2735 peractis.
1132 2611 1253 2707 Dux
1276 2610 1445 2705 austrie
1466 2626 1701 2733 potenter
1731 2644 1844 2707 cum

160 2712 168 2722 “
301 2725 571 2825 'adiutorio
607 2742 896 2823 cunctorum
921 2728 1198 2851 principum
1225 2738 1281 2819 'et
1301 2727 1542 2821 nobilium
1569 2728 1714 2852 supra
1734 2730 1849 2835 icriq·

125 2872 129 2882 ·
265 2949 268 2957 ,
321 2855 522 2969 ptorum
546 2845 755 2945 vallatus
770 2846 958 2971 ingenti
980 2846 1200 2937 exercitu
1222 2846 1440 2980 perrexit
1452 2841 1515 2937 ad
1527 2875 1701 2939 renum
1725 2877 1845 2940 con·

273 3050 277 3056 .
322 2974 399 3056 tra
431 2992 599 3088 regem
629 2992 959 3058 romanorum
994 2962 1095 3080 Qui
1118 2960 1354 3060 hostrliter
1377 2959 1652 3059 destruebat
1674 2966 1843 3063 omnia
1904 3007 1913 3023 ·

321 3075 417 3174 sua.
450 3097 501 3173 et
521 3082 713 3175 suorum
741 3079 822 3174 nbi
844 3079 1115 3174 astancium.
1420 3145 1423 3149 J

470 3195 597 3293 Cum
626 3211 794 3290 autem
824 3225 914 3288 rex
937 3193 1166 3291 Adolius.
1196 3210 1257 3290 ut
1280 3196 1419 3320 supra
1442 3195 1625 3294 dict-um
1648 3200 1712 3292 eii
1732 3200 1844 3294 Du-

134 3291 186 3398 s
266 3337 268 3342 ·
323 3342 431 3406 cem
465 3312 709 3406 albertum
743 3311 806 3404 de
840 3310 1012 3404 austria
1033 3311 1201 3405 uellet
1233 3313 1584 3410 circumuenire
1620 3331 1670 3409 et
1693 3319 1839 3410 terris
1913 3340 1916 3345 ⁴

320 3430 416 3523 iuis
452 3431 648 3552 priuare
685 3428 783 3522 fine
819 3427 973 3521 causa.
1009 3429 1140 3522 Ecce
1172 3457 1263 3552 per
1298 3432 1546 3556 principes
1566 3431 1840 3557 predictos.

325 3633 327 3635 ,
360 3548 408 3641 ui
431 3545 494 3638 ad
517 3547 712 3640 Ducem
738 3545 885 3670 usque
911 3547 1174 3639 Wiennam
1201 3560 1453 3650 venerant.
1476 3548 1604 3642 iacta
1629 3548 1694 3642 est
1717 3549 1839 3642 vali·
1905 3581 1919 3593 ·

251 3771 254 3777 ¹
322 3575 386 3757 aa
408 3663 710 3786 conspiracio
734 3660 965 3756 aduersus
983 3691 1038 3757 re
1075 3695 1152 3756 em
1173 3659 1424 3758 Adoffu-rn.
1455 3696 1663 3789 quorum
1688 3665 1840 3759 conii·
1879 3716 1890 3728 ·

320 3779 390 3876 lio
428 3795 479 3873 et
507 3781 693 3875 auxilio
760 3778 975 3874 redictus
1069 3813 1132 3874 ux
1156 3779 1405 3874 Albertus.
1427 3799 1631 3877 vocatus
1650 3783 1718 3875 ‘ab
1744 3785 1837 3877 Ar·

218 3937 222 3943 ·
321 3897 650 4021 cbiepiscopo.
735 3896 1048 4022 aguntinenfi.
1075 3897 1297 3990 Domino
1325 3895 1598 3994 Gebirardo
1629 3902 1677 3996 in
1706 3932 1762 3992 ca
1799 3902 1838 3993 i·
1950 3983 1959 3998 .

319 4028 369 4108 te
392 4016 572 4134 ieiunij.
604 4046 713 4109 cum
746 4015 914 4137 paucis
951 4014 1245 4109 australibus.
1279 4028 1330 4106 et
1349 4013 1454 4134 fere
1479 4020 1712 4112 trecentis
1782 4047 1838 4113 n·
1868 4113 1874 4120 .

318 4134 447 4257 garis
481 4133 796 4272 proficiscitur
821 4161 910 4256 per
937 4131 1197 4230 babariam.
1226 4129 1645 4230 condicionaliter.
1673 4151 1724 4226 et
1749 4167 1835 4258 pa·

66 4320 72 4328 -
149 4305 151 4310 .
319 4247 469 4342 cifice.
503 4247 599 4344 Per
634 4251 861 4346 [weuram
889 4262 1059 4346 autem
1087 4246 1325 4342 bellando
1358 4243 1498 4346 malis
1578 4245 1737 4345 atibus
1759 4282 1833 4346 re·
1919 4300 1930 4325 ι
2021 4353 2025 4364 ,

151 4423 156 4439 ·
319 4366 393 4488 gis
418 4363 580 4464 adolii
611 4367 935 4493 Argen-tinam
956 4367 1105 4492 usque
1168 4369 1375 4462 eruenit
1401 4371 1542 4461 ubia
1598 4371 1832 4493 episcopo
1864 4371 1872 4446 j
1983 4423 1986 4428 -

316 4478 532 4573 eiusdem
554 4484 668 4577 ioci.
690 4500 743 4578 et
764 4515 791 4576 a
813 4484 979 4577 multis
1001 4485 1117 4577 nob'
1142 4483 1252 4580 ibus
1307 4485 1483 4580 iorioie
1510 4485 1574 4579 est
1589 4518 1699 4580 rece
1738 4502 1832 4588 tus,

254 4714 258 4730 ι
314 4593 464 4693 Tune
512 4601 903 4736 archiepisco-us
947 4514 1335 4727 Maguntinen'bs
1373 4633 1549 4729 regem·
1575 4519 1739 4698 ndoii
1816 4675 1872 4720 0,

315 4743 410 4847 per
431 4717 730 4818 sentenciam
755 4721 773 4819 i
844 4749 922 4816 arn
947 4731 998 4818 ei
1024 4717 1607 4856 condignam-Magonem
1631 4719 1827 4823 factam,
1912 4761 1915 4765 ’

691 4873 694 4881 “
1083 4871 1087 4880 “
1616 4902 1618 4913 ’
1655 4869 1766 4946 CX&

1537 2147 1670 2238 ecuit
1693 2149 1847 2243 tantis
1991 2206 1996 2214 ,
