4717 6050
762 498 1396 609 cunonnvsrumc.
1622 510 1625 516 ·
1714 526 1787 627 ‚⁶3
1894 611 1896 618 ,
2052 483 2055 491 ’

293 741 295 745 ’
329 727 473 821 minis
494 723 658 820 etfeni
671 725 894 864 cumulos
913 754 1070 851 penes
1090 724 1137 819 le
1150 722 1385 821 extendit.
1445 728 1664 819 Annona
1683 725 1839 817 eciam
1922 734 1934 748 ‘

239 885 241 891 ¹
327 875 424 969 que
472 872 565 969 pro
604 846 982 946 continuacione
1018 843 1188 971 pluuie
1211 841 1297 936 'ad
1336 843 1517 936 horrea
1552 843 1842 965 congregari

327 991 433 1054 non
457 976 667 1087 poterat.
702 958 977 1087 putrefacta
1009 959 1074 1053 eli
1104 960 1156 1051 in
1185 962 1384 1085 campis.
1420 974 1471 1052 et
1500 961 1734 1085 quoniam
1763 986 1844 1050 re·¹

325 1078 465 1203 pleta
487 1076 552 1171 est
571 1094 703 1173 terra
728 1092 780 1171 et
798 1075 1040 1171 inebriata
1061 1077 1290 1201 apluuia.
1316 1075 1469 1168 multa
1486 1077 1737 1167 moncium
1759 1105 1837 1165 ca-

330 1197 524 1287 cumina
560 1210 613 1288 et
646 1194 847 1289 arbores
878 1223 977 1286 vna
988 1224 1107 1285 cum
1142 1192 1388 1287 radicibus
1407 1192 1566 1315 ,proni
1597 1188 1660 1283 ad
1715 1189 1838 1282 lani·

327 1314 465 1404 clem.
490 1304 694 1434 Dilapsa
718 1310 910 1402 semitas
936 1322 986 1402 et
998 1311 1247 1403 conuallia
1268 1307 1618 1404 obstruxerunt.
1680 1220 1837 1401 llinee

187 1450 189 1457 ’
326 1430 482 1521 eciam
515 1427 803 1520 inconsueto
837 1426 950 1551 gelu
992 1429 1141 1519 tritici
1171 1456 1262 1551 pro
1294 1426 1452 1519 botris
1483 1454 1547 1517 ex
1580 1426 1640 1516 le.
1676 1424 1837 1517 labru-

324 1544 425 1637 lcas
460 1541 808 1668 producentes.
837 1558 892 1635 et
924 1543 1133 1636 inicialis
1167 1544 1407 1637 terminus
1439 1539 1684 1660 vindemij.
1726 1541 1842 1635 Post
2009 1585 2012 1593 ·

321 1659 456 1789 ydus
490 1660 726 1797 Octobris
756 1660 1080 1797 prolongatus
1117 1660 1193 1764 eli.
1230 1663 1283 1753 et‘
1301 1658 1464 1799 alique
1490 1659 1635 1751 vinee
1652 1655 1840 1785 ydibus

239 1805 246 1816 ·
324 1774 610 1870 nouembrrs
643 1776 751 1869 sunt
785 1774 1097 1871 vindemiate.
1138 1793 1191 1870 et
1210 1806 1328 1871 ecce
1350 1806 1465 1869 vina
1489 1774 1587 1868 hoc
1610 1788 1837 1899 tempore

323 1892 424 1987 siue.
442 1920 575 1987 anno
594 1922 684 2018 per
705 1894 924 1988 austriam
946 1895 1239 1987 amaralunt
1260 1894 1597 1987 communiter.
1619 1906 1670 1984 et
1690 1894 1837 1987 nimis

153 2080 154 2085 κ
303 2010 514 2115 acerba.
536 2008 764 2103 omnibus
789 2010 851 2102 ad
873 2008 1161 2149 potandum.
1232 2009 1427 2102 Eodem
1440 2038 1573 2101 anno
1587 2009 1751 2100 mense
1763 2010 1838 2101 lu·
1915 2023 1918 2030 ’

316 2128 389 2265 nij
404 2129 576 2221 ciuitas
596 2124 818 2220 bononia
836 2124 990 2219 d1uila
1009 2127 1061 2217 in
1081 2126 1128 2217 le
1141 2123 1497 2218 interficiuntur
1515 2123 1649 2215 ciuili
1661 2124 1837 2247 prelio.

319 2246 401 2379 xil.
436 2244 571 2335 milia
612 2246 828 2378 yirorum
865 2273 927 2379 ex
960 2255 1166 2391 vtrague
1200 2254 1355 2366 parte.
1428 2239 1690 2373 ipso-anno
1709 2240 1863 2332 indi-¹

321 2388 467 2453 crone
505 2373 657 2451 tercra
688 2358 820 2448 luna.
848 2373 961 2450 κη’·
993 2386 1071 2472 Ιιιι]
1093 2429 1102 2449 .
1124 2355 1258 2484 ydus
1292 2353 1592 2449 nouembrrs.
1635 2386 1732 2481 que
1770 2356 1836 2449 eli

137 2510 181 2551 ·-
320 2474 590 2569 Dominica
613 2474 838 2598 proxima
861 2488 975 2567 ante
998 2471 1168 2565 festum
1189 2473 1342 2566 sancti
1352 2472 1558 2565 Martini
1581 2470 1836 2567 claustrum

319 2590 649 2688 Dominarum
680 2585 742 2680 de
769 2587 954 2682 Sancto
980 2588 1193 2682 Nicolao
1218 2591 1436 2681 Wienne
1458 2586 1587 2683 infra
1609 2618 1777 2683 muros
1802 2622 1835 2681 a

318 2705 593 2803 venerabili
615 2704 836 2796 Domino
860 2705 1011 2797 Petro
1041 2704 1273 2840 episcopo
1295 2701 1580 2798 Patauiensr.
1609 2702 1674 2797 est
1697 2701 1833 2797 dedi·

319 2836 495 2929 catum.
528 2820 797 2912 inhonore
824 2820 989 2912 sancte
1027 2834 1080 2912 et
1108 2817 1365 2911 indruidue
1397 2821 1642 2914 trinitatis.
1675 2823 1844 2944 preci-⁰

317 2970 416 3067 pue
442 2966 561 3031 vcro
586 2936 856 3029 inhonore
889 2936 1052 3029 sancte
1078 2934 1240 3031 Marie
1264 2936 1478 3062 virginis.
1510 2938 1563 3029 in
1588 2939 1725 3032 cuius
1750 2968 1831 3032 ve·

316 3055 583 3151 ueracione
608 3055 772 3146 omnia
786 3051 996 3150 cenobia
1009 3051 1293 3147 Griseorum
1307 3053 1494 3147 ordinis
1514 3054 1665 3150 lancti
1679 3053 1836 3148 Bern-

318 3171 461 3267 hardi
502 3169 859 3262 consecrantur.
907 3185 958 3260 et
991 3167 1267 3263 inhonore
1302 3171 1453 3262 sancti
1485 3168 1697 3265 Nicolai.
1729 3173 1833 3265 lan·

315 3291 386 3384 cti
407 3283 696 3380 Bernhardi.
728 3289 789 3378 xi
813 3285 1000 3376 milium
1018 3287 1276 3408 virginum.
1309 3300 1360 3377 et
1375 3286 1586 3378 aliorum
1599 3287 1832 3410 plurimo·

313 3428 423 3501 rum
455 3404 739 3496 sanctorum
788 3430 997 3526 quorum
1032 3398 1218 3494 ibidem
1250 3401 1460 3523 reliquie
1495 3404 1827 3499 continentur.

316 3522 527 3618 Domini
559 3517 780 3610 Heinrici
813 3517 1004 3613 abbatis
1031 3518 1192 3611 sancte
1219 3519 1388 3612 crucis.
1413 3518 1621 3637 cenobii.
1645 3521 1831 3615 Paltra·

317 3641 397 3733 mi.
431 3637 550 3730 dicti
571 3636 849 3727 Waczonis.
877 3648 933 3727 et
956 3634 1165 3728 aliorum
1195 3631 1526 3757 ydoneorum.
1559 3635 1743 3730 ibidem
1767 3643 1831 3731 ci·

319 3761 451 3850 ulum
492 3750 689 3848 consilio
727 3765 784 3844 et
820 3751 1002 3845 auxilio
1039 3749 1304 3846 mediante.
1386 3751 1511 3842 Item
1546 3751 1650 3874 ipio
1684 3785 1831 3849 anno.

317 3871 475 3999 pridie
501 3869 674 3964 Nonas
698 3867 1006 3962 Decembris.
1039 3866 1304 3990 lunariij*
1321 3867 1533 3984 horavj.
1564 3865 1665 3962 diei
1687 3871 1830 3964 artili-

320 3991 469 4084 cialis.
513 4016 575 4080 eo
653 3983 752 4077 uod
790 3985 917 4077 Dies
958 3985 1017 4106 vj.
1052 3982 1398 4105 tantummodo
1443 3985 1626 4078 habeat
1667 3989 1831 4105 horas.

317 4105 429 4202 Poll
469 4015 802 4227 crepulculum
843 4091 1189 4226 vespertinum.
1232 4100 1364 4195 facta
1393 4102 1461 4194 est
1491 4103 1586 4195 ccli
1623 4102 1678 4196 lis
1711 4105 1830 4200 lune

316 4254 407 4350 per
434 4240 536 4317 tres
565 4233 732 4344 partes
764 4218 895 4310 uile·
916 4234 967 4332 et
995 4217 1192 4332 durauit
1221 4217 1410 4357 eclipsis
1442 4248 1533 4341 per
1619 4250 1705 4314 uas
1725 4223 1827 4344 ¹ho·

315 4371 409 4435 ras.
481 4341 605 4432 Item
629 4336 706 4454 xij.
726 4332 966 4429 kalendas
988 4335 1199 4460 Augusti.
1224 4336 1378 4454 xxiiij.
1407 4335 1563 4431 Stelle
1597 4351 1648 4433 et
1669 4367 1827 4435 venus

317 4453 588 4551 amaneus
618 4482 680 4545 ue
703 4449 766 4544 ad
787 4452 1041 4576 vesperam
1065 4454 1359 4551 claruerunt.

272 4621 277 4628 ·
433 4571 604 4666 M⁰.cc.
635 4571 762 4688 xxvj.
803 4570 1052 4662 Dominus
1097 4555 1389 4693 apostolicus
1426 4567 1709 4697 Gregorius.
1752 4593 1827 4666 xl*

352 4691 402 4784 ui
423 4687 578 4782 multa
590 4686 723 4780 bona
747 4699 796 4779 et
809 4687 1049 4778 utilitates
1060 4683 1272 4778 diuersas
1298 4685 1494 4780 ecclesie
1519 4704 1569 4782 et
1581 4691 1676 4784 toti
1689 4722 1826 4784 mun·
1994 4775 2000 4782 .

316 4721 382 4904 do
417 4806 661 4948 ordinare
679 4805 990 4930 conceperat.
1023 4816 1078 4899 ut
1107 4803 1160 4898 in
1185 4799 1516 4925 decretalibus
1538 4805 1825 4901 euidencius

1697 4915 1768 5015 le-
