4717 6050
647 457 699 527 4ο
1047 434 1083 512 f.
1135 429 1638 512 Rnrlonnurvnr

421 709 444 774 3
600 637 728 732 ricus
751 622 963 759 'piscator
991 633 1134 760 super
1165 633 1424 730 hevmade.
1465 637 1497 729 i.
1533 631 1753 729 modium
1776 629 2021 726 frumenti
2061 633 2114 726 ii.

441 1625 444 1636 ν
587 1572 654 1662 -in
680 1568 897 1668 Grvebe.
927 1571 957 1664 i.
977 1567 1198 1664 modium

599 749 796 846 modios
810 767 983 848 auene.
1005 781 1211 875 porcum
1223 751 1486 847 valentem.
1500 786 1579 846 xv.
1591 746 1834 844 denarios.
1848 751 1896 842 ii.
1910 747 2116 844 Schoet.

599 870 646 964 ii.
666 881 898 964 metretas
922 866 1051 962 fabe.
1084 882 1147 962 et.
1168 870 1198 964 1.
1221 883 1479 964 metretam
1499 869 1776 994 papaueris.
1805 867 1859 958 ii.
1873 866 1920 958 10
1988 865 2113 960 ulas.

599 989 646 1084 11.
668 984 850 1110 pullos.
878 1017 989 1080 xxre
1011 1004 1122 1080 oua.
1150 986 1421 1082 11011001.
1452 1002 1516 1080 et.
1547 1017 1593 1078 x.
1615 985 1851 1086 denarios.
1925 996 1932 1004 ’
2002 983 2114 1076 ber·

598 1115 681 1198 tus
712 1100 857 1227 super
881 1100 1148 1200 heumnde.¹
1168 1102 1234 1195 xl.
1265 1113 1513 1198 metretas
1533 1099 1780 1194 frumenti.
1817 1101 1886 1192 iii.
1914 1097 2113 1193 modios

573 1279 579 1288 ·
603 1248 776 1312 auena.
799 1248 1003 1358 porcum
1017 1220 1281 1322 valentem.
1303 1251 1416 1315 xxx
1442 1218 1686 1313 denarios.
1718 1247 1911 1340 agnum.
1941 1215 1992 1306 ii.
2014 1217 2111 1309 lea·

602 1335 758 1459 pulas.
779 1337 1071 1432 inmetretas
1090 1335 1220 1430 fabe.
1244 1336 1275 1428 i.
1287 1351 1544 1433 metretam
1547 1335 1833 1546 Sapaueris.
1852 1332 2112 1427 iiSchoet.
2165 1395 2170 1406 -
2206 1423 2210 1426 ,

603 1451 667 1546 xl.
693 1484 801 1546 oua.
832 1455 892 1547 vi.
917 1452 1101 1548 caseos.
1127 1455 1193 1548 iii.
1252 1452 1382 1547 ullos
1407 1469 1459 1546 et
1479 1483 1525 1546 re

1215 1486 1468 1664 lrumenti.
1489 1571 1538 1662 ii.
1558 1564 1753 1660 modios
1775 1595 1946 1659 auene.
1968 1579 2031 1658 et
2047 1563 2115 1657 xl

599 1685 862 1781 denarios·
908 1684 1194 1782 Gvntherus
1214 1685 1346 1812 apud
1367 1686 1572 1781 fontem.
1601 1686 1633 1778 i.
1652 1681 1870 1776 modium
1899 1679 2113 1776 frumen·

518 1909 520 1920 ,
580 1805 654 1899 ti.
687 1818 750 1903 et.
782 1805 828 1898 ii.
862 1801 1059 1897 modios
1085 1834 1257 1898 auene.
1287 1807 1335 1898 ii.
1367 1818 1599 1898 metretas
1634 1799 1763 1894 fabe.
1793 1801 1822 1892 i.
1855 1812 2116 1891 metretam

604 1921 877 2130 panaueris.
907 1925 936 2012 i.
958 1919 1157 2017 Schoet.
1189 1951 1380 2046 agnum.
1410 1921 1476 2016 xl.
1499 1949 1608 2013 oua.
1640 1918 1722 2011 iiii.
1747 1916 1923 2010 caseos.
1955 1914 2117 2008 11101·

604 2069 673 2161 pu
695 2068 763 2138 aa.
792 2038 843 2130 ii.
875 2035 1055 2162 pullos.
1150 2035 1412 2174 Rydgerus
1445 2038 1587 2162 luper
1619 2028 1876 2128 hevmade.
1904 2063 1986 2125 xx.
2014 2061 2118 2134 mee

390 2133 400 2160 ’
438 2155 446 2167 ’
605 2169 756 2250 tretas
787 2151 1033 2248 frumenti.
1073 2167 1139 2248 et.
1173 2156 1220 2248 ir.
1252 2151 1448 2250 modios
1489 2147 1675 2247 auene.'
1702 2152 1732 2244 i.
1764 2149 1963 2245 Schoet
2002 2180 2116 2243 1001.

547 2333 548 2339 ¹
609 2300 718 2366 oua.
749 2271 836 2367 iiii.
867 2269 1046 2364 caseos.
1076 2271 1127 2364 ii.
1158 2269 1338 2396 pullos.
1369 2273 1399 2366 i.
1423 2270 1682 2412 scapulam.
1711 2269 1759 2361 i'r.
1783 2266 2116 2398 metretasfa·

603 2386 681 2482 be.
710 2389 740 2480 i.
767 2401 1022 2483 metretam
1048 2391 1322 2512 papaueris.
1365 2389 1603 2486 Ditncus
1637 2389 1691 2482 in
1714 2383 1860 2478 Revt.
1888 2413 2000 2476 xxx.
2030 2381 2125 2478 de·‘

539 2615 540 2626 .
601 2505 794 2598 uarios..
843 2503 1104 2596 Heinricus
1125 2502 1558 2599 textorAEzelinus
1590 2504 1734 2626 super
1750 2497 2117 2595 Molendinum.

606 2614 890 2713 i.·modium
919 2615 1167 2712 frumenti.
1197 2620 1249 2712 ii.
1278 2617 1474 2714 modios
1506 2647 1683 2715 auene.
1711 2634 1762 2712 et
1794 2647 2001 2743 porcum
2032 2648 2117 2712 va-

479 2772 482 2780 ’
604 2735 807 2831 lentem.
836 2765 914 2828 xx.
946 2731 1195 2832 denarios.
1250 2735 1399 2831 Hvba
1428 2733 1804 2834 Richmanftr'de
1841 2750 1891 2829 et
1911 2733 2118 2828 Tenler.
2195 2797 2200 2802 ·

529 2915 531 2918 -
604 2885 651 2946 v.
685 2849 882 2946 solidos.
912 2853 998 2946 iiii.
1029 2867 1263 2948 metretas
1295 2851 1426 2948 fabe.
1467 2869 1519 2950 et
1546 2859 1805 2948 metretam
1878 2856 2117 2975 apaueris.

603 2971 654 3068 ii.
679 2968 878 3065 Schoet
911 2983 974 3067 et
1008 2968 1074 3065 lx
1094 2999 1208 3072 oua.
1265 2970 1602 3072 Orlofendde-
1621 2969 1654 3065 l.
1675 2968 1830 3064 denar
1851 2999 1923 3063 os.
1952 2971 1982 3063 i.
2015 3000 2120 3064 me·

591 3100 782 3181 Ι11011111
801 3091 1073 3212 papaueris.
1104 3088 1136 3181 i.
1165 3086 1353 3181 Schoet
1382 3105 1434 3183 et
1453 3089 1545 3191 fuit
1567 3085 1806 3182 desolata.
1894 3085 2041 3180 Huba
2063 3087 2117 3180 in

594 3202 723 3299 elem
750 3201 891 3305 Rure
915 3234 1026 3297 xxx
1059 3200 1305 3297 denarios.
1336 3220 1389 3299 et
1421 3206 1487 3299 011
1509 3203 1741 3303 desolata.
1838 3200 2116 3329 Chvmvger

451 3330 484 3375 Ψ
602 3319 725 3416 ville
749 3319 907 3413 soluit
936 3350 984 3417 v.
1005 3316 1196 3415 solidos
1211 3321 1474 3419 'caseorum
1496 3336 1559 3415 et.
1582 3354 1626 3416 x.
1647 3332 1880 3419 metretas
1900 3340 2117 3459 papaue-

459 3504 462 3513 .
577 3438 688 3531 ris.
709 3451 771 3530 et.
782 3467 826 3528 x.
841 3432 1021 3529 solidos
1036 3464 1244 3531 ouorum
1265 3452 1405 3531 etxx
1424 3439 1604 3563 pullos.
1664 3433 2115 3531 Datzowedrmidr·

529 3576 533 3584 ·
606 3584 689 3649 mn
710 3552 948 3658 talentum
969 3552 1231 3648 caseorum.
1256 3556 1344 3647 iiii.
1361 3569 1595 3647 metretas
1613 3555 1885 3680 papaueris.
1908 3555 1937 3647 ’1
1957 3553 2122 3677 111011-ι

606 3688 710 3765 tum
733 3693 953 3768 ouorum.
986 3683 1052 3765 et.
1079 3673 1178 3763 xvi.
1203 3668 1385 3794 pullos.
1443 3668 1735 3765 Pabendorf
1763 3668 2018 3764 dimidium
2042 3684 2113 3765 ta·
2201 3678 2207 3685 ’

603 3786 801 3885 lentum,
828 3786 1088 3879 caseorum.
1119 3787 1201 3879 iiii.
1237 3799 1469 3882 metretas
1505 3788 1779 3914 papaueris.
1820 3788 1917 3880 viii.
1946 3787 2115 3925 pullos

581 3918 585 3924 '
606 3920 657 4001 et
677 3901 932 3999 dimidium
954 3900 1196 4017 talentum
1221 3930 1444 3999 ouorum.
1537 3904 1596 3997 ln
1621 3902 1795 3999 eodem
1821 3902 1999 3997 Offiero
2023 3904 2114 3998 Ot-

605 4022 737 4113 tonis
762 4018 824 4111 de
850 4018 990 4111 Cella
1012 4047 1109 4113 vna
1128 4018 1260 4114 hvba
1278 4023 1329 4113 in
1350 4018 1673 4115 Lancendorf
1680 4016 1934 4113 dimidium
1956 4020 2116 4114 talen·

604 4148 723 4229 turn.
781 4134 927 4238 Hvba
950 4136 1003 4228 in
1027 4133 1291 4231 Chranwit
1315 4135 1687 4232 xxmdenarios.
1745 4137 1803 4229 ln
1825 4135 1940 4230 foro
1958 4134 2111 4232 Celle.

604 4254 651 4347 ii.
672 4250 877 4345 talenta.
908 4265 959 4345 et
988 4250 1052 4345 est
1076 4249 1307 4346 desolata.
1366 4254 1426 4347 In
1444 4254 1594 4349 Prvel
1624 4251 1686 4348 de
1713 4283 1832 4378 agro
1857 4251 2110 4348 dimidium

1584 1451 1792 1557 enarios.
1851 1448 2115 1572 Alpwinus
2269 1494 2275 1510 «

604 4366 857 4463 talentum.
916 4366 1049 4463 Datz
1083 4368 1172 4462 der
1201 4365 1399 4466 Linden
1422 4366 1519 4465 due
1543 4362 1688 4466 hvbe.
1714 4400 1815 4465 vna
1843 4370 2008 4463 seruit.
2031 4402 2113 4463 xx.
2263 4446 2266 4451 .

602 4482 849 4579 denarios.
878 4482 1046 4587 altera.-
1067 4484 1096 4577 i
1119 4483 1340 4580 modium
1363 4484 1606 4583 frumenti
1626 4501 1695 4581 et.
1714 4484 1976 4580 iimodios.
1996 4516 2111 4592 aue·

594 4598 962 4697 1018011001.
992 4601 1045 4693 ii.
1074 4617 1307 4697 metretas
1330 4601 1459 4717 fabe.
1491 4605 1521 4697 i.
1543 4619 1800 4699 metretam
1832 4635 1897 4727 pa
1935 4606 2107 4697 auaris.

593 4748 711 4818 xxx
731 4747 844 4813 oua.
874 4731 937 4815 et.
957 4718 1043 4815 1111.
1075 4718 1258 4819 caseos.
1286 4734 1352 4821 et
1371 4722 1419 4819 ii.
1452 4721 1636 4851 pullos.
1691 4722 1759 4821 Et
1779 4749 1874 4817 ean
1910 4751 1989 4930 clm
2017 4704 2113 4820 hu·

676 4894 679 4899 A
1967 4866 2051 4929 am
2211 4916 2215 4923 .
