4717 6050
458 525 465 534 .
568 481 599 532 a.
731 501 733 508 ·
828 443 1404 562 OBSERVATIoNES
1447 446 1741 546 PRAENIAE.

505 628 512 644 .
580 607 595 646 e
1007 621 1009 626 v
1171 581 1188 634 ἦ
1326 632 1329 640 -
1401 599 1409 624 ‘
1445 577 1455 638 s
1520 568 1529 583 .

520 675 661 768 genter
681 673 851 736 exarato·
867 660 1120 735 coniunctum
1139 657 1202 734 ert
1256 658 1334 736 Hic
1360 659 1555 738 Palatinae
1581 661 1847 742 Bibliothecae
1875 665 2025 758 codex,
2175 685 2216 709 '¹

517 789 684 842 numero
704 761 1019 864 DCLXXVlII.
1048 775 1230 854 notatus,
1256 765 1298 837 iu
1324 763 1506 866 profanae
1532 766 1702 844 historiae
1722 769 1837 845 clalse
1856 795 1954 846 unus
1974 770 2026 845 de

516 868 731 971 praecipuis
754 865 827 958 eu,
854 868 938 942 iarn
956 866 1054 941 olim
1074 891 1100 941 a
1116 865 1269 959 Lazio,
1288 869 1356 967 qui
1375 870 1521 944 eodem
1540 871 1611 945 dili
1640 870 1832 949 entillime
1851 873 1936 950 usus
1955 875 2031 968 est,

409 1003 411 1010 ’
514 987 599 1048 tum
618 968 898 1072 posterioribus
926 971 1039 1044 annis
1059 995 1084 1044 a
1100 967 1349 1063 Lambecio,
1368 971 1574 1065 Nellelio,
1602 895 1809 1051 &entiloto
1830 975 1870 1051 ἃ
1888 977 2029 1065 Kolla·

516 1076 577 1148 rio
598 1072 846 1173 amplillimis
865 1070 1000 1149 verbis
1020 1070 1266 1164 celebratus,
1294 1075 1361 1172 qui
1389 1100 1529 1152 omnes
1547 1078 1629 1150 inte
1657 1103 1746 1153 rum
1770 1081 1886 1154 illum
1906 1082 2026 1157 edere
2091 1100 2096 1114 ‘

512 1175 686 1280 publicae
714 1176 893 1250 utilitatis
920 1177 1050 1279 gratia
1076 1175 1363 1271 decreverant,
1402 1200 1493 1254 cum
1527 1102 1685 1278 (veria
1708 1181 1881 1258 Kollarii
1906 1182 2027 1259 Anal.

495 1277 693 1354 Vindob.
730 1279 783 1352 T.
812 1278 845 1352 I.
870 1302 965 1382 pag.
990 1303 1056 1376 30„
1083 1275 1245 1382 adsero)
1272 1276 1420 1378 dignus
1437 1279 1522 1374 fit,
1552 1281 1634 1381 ‘quc'
1659 1281 1816 1362 adnuo
1840 1283 2030 1363 modicum
2100 1279 2104 1286 ’

419 1467 421 1472 ,
512 1378 803 1478 illustrationem
830 1387 912 1456 tum
933 1377 1227 1482 chorogroplioe
1262 1376 1474 1490 utriusque
1506 1377 1635 1458 Priuci
1662 1389 1782 1475 atur,
1819 1377 2032 1483 querefa·

510 1479 732 1570 miliorum,
760 1473 1101 1575 consuetudinum,
1124 1473 1583 1569 mouutmiudrciorum,
1600 1404 1842 1581 aliarumque
1857 1480 2029 1582 antiqui·

398 1620 402 1628 ·
512 1585 644 1654 tatum
657 1573 813 1670 istarum
833 1575 1038 1674 regionum
1063 1573 1106 1652 iu
1132 1573 1224 1652 dias
1244 1570 1406 1651 lucanis
1426 1594 1552 1652 auras
1568 1572 1779 1676 aliquando
1804 1577 2028 1658 emittatur.

512 1675 587 1751 His
605 1675 745 1749 similia
762 1675 872 1775 apud
891 1674 1079 1748 eumdem
1096 1673 1281 1778 leguntur
1290 1670 1516 1748 Comment.
1526 1676 1566 1747 in
1577 1671 1724 1749 Lamb.
1734 1675 1788 1750 T.
1798 1675 1829 1750 1.
1850 1677 1927 1752 col.
1937 1705 2028 1775 571.
2127 1672 2132 1679 Χ
2150 1685 2158 1700 ’

378 1830 381 1843 ,
515 1777 581 1852 Ex
600 1775 765 1877 quibus,
785 1777 938 1851 erudite
958 1775 1131 1867 Lector,
1150 1799 1291 1875 quem,
1319 1791 1588 1875 quantumque
1608 1775 1912 1891 thesaurumpin
1921 1779 2033 1857 hunc·

438 1918 440 1922 ·
514 1881 623 1956 diem
640 1879 913 1971 reconditum,
941 1877 1040 1956 Tibi
1060 1878 1250 1970 offeram,
1275 1877 1395 1952 facile
1412 1878 1644 1980 perspicies.
2029 1938 2033 1952 .

588 1983 640 2059 II.
666 1981 926 2082 Ampliorum
944 1979 1374 2060 observationumcura
1393 1979 1530 2055 clarill.
1539 1979 2037 2065 Lambeciusssomment:
2157 2074 2162 2080 ⁸

513 2085 640 2162 L.11.
662 2109 750 2186 cap.
770 2107 807 2174 4.
826 2089 891 2160 me
912 2088 1084 2178 exemit,
1112 2099 1233 2185 quem
1251 2081 1445 2159 celeberr.
1463 2084 1667 2161 Kollarius
1692 2080 1789 2165 loco
1806 2085 2035 2164 Analecta·

512 2214 600 2264 rum
618 2212 718 2263 mox
736 2190 858 2264 citato
878 2190 1045 2290 repetit3
1071 2189 1249 2288 itemque
1268 2185 1496 2263 Comment.
1515 2185 1729 2264 suorumin
1747 2188 1895 2268 Eamb.
1923 2191 1974 2265 T.
1993 2191 2034 2272 1.

513 2291 589 2366 col.
607 2291 695 2383 467.
721 2315 812 2388 509·
840 2309 927 2381 874.
955 2291 1124 2390 aliisque
1141 2289 1323 2390 pluribus
1342 2291 1443 2364 locis
1462 2289 1621 2364 uberius
1639 2290 2035 2368 illustrat.-.--Ra-¹
2116 2379 2120 2387 .
2170 2392 2172 2401 Ι

511 2395 684 2470 tionario
705 2393 836 2470 Stiriae
853 2392 1063 2469 Helwicus
1082 2391 1275 2467 Notarius
1304 2390 1535 2492 opusculum
1566 2393 1617 2466 de
1636 2392 1803 2470 Austriae
1827 2390 1867 2466 &
1894 2393 2036 2491 Stirioel

472 2495 475 2502 '
513 2493 658 2570 finibus
676 2489 860 2569 subiecit:
886 2495 930 2568 id
950 2495 1057 2592 quod
1075 2493 1345 2567 Lambecium
1362 2493 1577 2593 pluresque
1596 2495 1699 2569 alios
1726 2498 1768 2570 in
1788 2497 2023 2595 opinionem

513 2598 690 2685 induxit,
717 2595 911 2674 Helwico
941 2594 1094 2667 auctori
1122 2593 1404 2668 illud'deberi.
1480 2591 1539 2668 At
1564 2619 1663 2672 vero
1683 2597 1822 2672 adsunt
1840 2600 2002 2671 codices
2013 2510 2053 2688 ,i

514 2712 634 2797 atque
651 2697 686 2770 is
704 2719 789 2796 prae
818 2697 982 2785 ceteris,
1009 2697 1077 2794 qui
1104 2719 1158 2768 ex
1183 2693 1370 2770 Palatina
1394 2693 1650 2770 Bibliotheca
1675 2711 1767 2770 ante
1797 2698 2025 2798 complures
2049 2708 2055 2755 ι’

515 2823 642 2875 annos
662 2799 716 2873 ad
735 2796 904 2872 sanctius
922 2795 1165 2872 tabularium
1185 2795 1410 2874 Caesareum
1427 2799 1639 2892 tranalatus
1659 2797 1731 2889 cli,
1750 2795 2025 2875 OttocariRe·

515 2904 575 3079 pis
593 2901 753 3001 imperii
771 2913 955 3002 tempore
974 2901 1245 2999 antiquiores,
1264 2903 1332 3000 qui
1349 2913 1562 2978 tractatum
1581 2900 1632 2974 de
1650 2900 1817 2977 nustria
1837 2917 1877 2976 et
1893 2901 2027 2978 stiria

385 3092 388 3099 ¹
543 3002 658 3079 nibus
677 3003 730 3077 ad
748 2999 945 3077 Friderici
962 3001 1014 3077 Il.
1033 3002 1216 3080 Bellicofi
1243 3016 1403 3080 aetatem
1430 3015 1522 3078 ante
1541 3028 1690 3078 annum
1721 3005 1831 3094 1246.
1850 3003 2026 3083 reseren·
2065 3046 2070 3055 ·

515 3106 611 3185 dum
630 3106 704 3182 elle
724 3106 931 3194 evincunt,
956 3105 1149 3205 illumque
1168 3105 1236 3181 vel
1265 3132 1317 3180 ex
1344 3131 1394 3181 eo
1414 3119 1670 3208 argumento,
1698 3108 1806 3205 quod
1825 3107 2026 3184 Chronico

469 3254 471 3261 >
513 3210 746 3309 Principum
771 3206 946 3282 Austriae.
965 3205 1004 3282 &
1023 3208 1153 3284 Stiriae
1180 3208 1337 3309 semper
1365 3232 1413 3283 ac
1440 3232 1519 3282 uno
1545 3209 1672 3284 veluti
1699 3209 1765 3283 lilo
1794 3212 2026 3284 coniunctus

513 3308 757 3415 reperiatur,
783 3308 1032 3386 Ene'ncheh'o
1061 3308 1367 3386 adscribendum
1393 3308 1469 3383 else
1496 3308 1722 3383 declarant:
1758 3312 1809 3385 de
1838 3337 1915 3410 quo
1943 3314 2028 3386 iam

399 3472 413 3507 ,.
517 3416 633 3516 supra
650 3412 746 3489 Vol.
757 3412 787 3487 1.
805 3438 846 3514 p.
862 3435 935 3501 240
955 3416 1032 3515 egi.
1051 3456 1100 3471 -
1116 3412 1215 3488 Alia
1234 3413 1452 3512 quoque'iu
1468 3409 1547 3483 hoc
1567 3413 1708 3486 codice
1728 3413 1780 3515 ad
1799 3412 2027 3487 Rationarii
2045 3427 2052 3454 ·

516 3517 646 3593 Stiriae
667 3516 822 3591 calcem
839 3512 1045 3621 subiuncta
1060 3516 1334 3591 inveniuntur:
1363 3537 1474 3612 quae,
1493 3535 1585 3586 cum
1604 3512 1656 3587 ad
1675 3516 1850 3589 rationes
1861 3513 2032 3597 nustria.

518 3622 763 3725 pertineant,
790 3618 883 3694 loco
901 3616 981 3694 illis
1001 3614 1137 3695 debito
1157 3616 1368 3693 inserenda
1387 3613 1462 3691 else
1481 3613 1713 3692 existimavi.
1736 3617 1748 3715 Ἰ
2078 3626 2084 3637 ’
