4717 6050
562 383 591 405 ⁸
745 390 1380 527 cunonavrrnrac.
1453 512 1464 527 .
1569 485 1571 504 ·
1652 392 1760 549 a..

297 654 355 751 in
377 648 549 749 Grecz.¹
638 642 833 745 Eodem
856 678 987 743 anno
1013 664 1235 767 mortuus
1258 650 1323 743 est
1343 647 1824 747 M‘einhardunDuu.

302 772 574 867 Karinthie.
603 767 741 863 socer
772 766 967 861 Alberti
1004 766 1169 859 Ducis·
1191 766 1380 871 austrie..
1463 765 1657 861 Eodem
1681 799 1828 869 anno*

301 891 538 984 Albertus
562 885 681 977 Dux
700 882 869 977 austrie
894 880 1104 977 etStirie
1125 882 1321 977 Dolore
1336 884 1593 979 oculorum
1613 886 1822 979 nimium
1846 984 1849 989 ,
1914 963 1916 972 .

303 1037 331 1097 a
367 1020 575 1101 rauatus.
613 1032 738 1130 ymo
773 1023 886 1097 vno
913 998 1065 1092 oculo
1092 1014 1365 1094 excecatus.
1396 998 1599 1095 tandem
1631 1001 1824 1095 morbis·
1878 1013 1880 1019 ’

303 1036 411 1241 εῗῇε
434 1117 814 1215 accedentibus.·
831 1118 883 1209 in
908 1116 1008 1207 Die
1028 1115 1190 1209 sancti
1213 1115 1418 1209 Martini
1443 1117 1657 1211 Wienne
1689 1148 1823 1216 mor·-

299 1254 413 1334 tuus
440 1238 531 1335 esse
552 1234 839 1328 Dicebatur.
879 1228 988 1325 Sed·
1013 1262 1102 1355 per
1126 1232 1229 1343 Dei
1251 1234 1462 1358 graciam
1518 1236 1719 1327 recibus·
1735 1232 1819 1341 ad.

299 1358 431 1450 iutus
453 1384 551 1479 pau
590 1382 734 1444 erum.
762 1352 816 1443 in
848 1348 991 1442 breui
1023 1348 1282 1441 restitutus.
1305 1348 1370 1443 est
1391 1352 1468 1473 pri
1505 1352 1585 1443 ine
1612 1352 1817 1448 sanitati

302 1471 394 1569 Cui
416 1473 535 1564 mini
574 1468 749 1562 eriases
771 1482 872 1561 tam
892 1463 1061 1559 austrie
1083 1466 1402 1592 quaantirie
1423 1465 1688 1566 resrstentes
1703 1499 1818 1563 con·

226 1628 230 1651 ¹
300 1605 376 1683 tra
412 1618 527 1682 eunt
559 1587 613 1699 in
637 1584 941 1678 Stocheraw.
980 1596 1032 1675 et
1053 1582 1109 1675 in
1126 1580 1382 1676 Trebense
1415 1582 1551 1677 fimut
1573 1615 1819 1681 conuene-

299 1720 434 1801 runt.
460 1702 543 1797 nisi
569 1716 623 1795 vt
653 1700 861 1795 consrli'a
884 1728 1056 1795 eorum
1086 1715 1342 1793 annueret.
1372 1714 1424 1792 et
1452 1698 1660 1797 Sweuos
1694 1734 1825 1827 quos

300 1826 504 1918 nimium
540 1818 745 1914 Dilexit.
852 1878 854 1880 -
909 1830 1041 1912 terra
1074 1818 1269 1912 eiceret
1313 1848 1426 1911 eum
1469 1849 1562 1941 pro
1595 1819 1825 1915 Domino

299 1941 485 2037 habere
509 1936 730 2032 nollent..
809 1930 1007 2027 Eodem
1029 1956 1169 2027 anno·
1192 1948 1460 2054 pertotam
1478 1966 1677 2058 yemem
1702 1967 1824 2031 aura

100 2070 104 2077 '
200 2104 202 2112 s
300 2058 428 2152 adeo
464 2055 590 2148 lenis
622 2050 729 2145 fuit.
760 2048 899 2174 quod
929 2047 1110 2187 stuppis
1132 2050 1385 2170 (stabis,·lr
1447 2053 1656 2171 acautis)
1680 2052 1819 2146 bene

301 2170 559 2268 caruissent
578 2170 823 2263 homines.
846 2166 891 2257 u.
910 2164 1182 2259 voluissent.
1272 2167 1350 2260 Eo
1389 2168 1824 2265 ern,anno.1Ad01.

158 2347 185 2373 ·,
298 2291 378 2383 sus
401 2312 843 2381 rex-romanorum.
869 2280 1194 2405 Meychsnam
1227 2310 1341 2373 curn
1363 2284 1583 2376 exercitu
1602 2286 1824 2390 intra-uit.

300 2406 468 2529 ibique
500 2432 592 2529 per
622 2414 783 2493 totam
809 2426 1023 2536 yemenu
1057 2428 1368 2494 commorans
1398 2413 1581 2493 terram
1607 2401 1819 2525 Meych·
1989 2423 1993 2430 ·

162 3710 166 3718 ·
300 3681 538 3781 tansesse
565 3703 754 3776 verum.
784 3693 874 3804 per
905 3679 1040 3774 suurn
1065 3678 1443 3776 Vicedominunr
1467 3714 1516 3777 m

300 2522 398 2615 sen.
447 2531 690 2645 potenter
724 2513 1012 2638 sub1ugauit'
1045 2512 1441 2637 Chreuezpurcb..
1478 2532 1529 2609 et
1566 2518 1823 2637 ciuitatem·

287 2636 447 2755 'valde
468 2630 989 2727 munitarn¹·Destruxit.
1080 2624 1276 2724 Eodem
1297 2660 1437 2725 anno
1453 2634 1706 2754 perierunt
1729 2665 1825 2757 poe

300 2784 393 2849 ma.
425 2755 494 2845 ita
519 2747 657 2875 quod
686 2751 739 2841 in
761 2745 874 2842 foro
901 2744 1186 2840 Wieunensr
1218 2776 1310 2870 pro
1332 2745 1539 2841 infirmia
1561 2751 1644 2884 vix
1660 2782 1823 2873 'parua

302 2885 353 2965 et
376 2880 609 2991 corrupta
631 2863 1022 2957 inveniebantur.
1053 2863 1138 2980 xii.
1154 2891 1267 2987 pro.
1280 2864 1379 2981 viij.
1397 2864 1640 2986 Denarija.
1720 2868 1825 2967 an
1966 2935 1972 2945 -
2085 2906 2088 2913 ·

300 2986 414 3082 dem
447 3012 594 3078 anno.
643 2995 757 3076 ante
800 2977 1177 3076 earnisbriuium.
1221 2980 1454 3076 Andreas
1481 3011 1571 3076 rex
1602 2984 1818 3110 Vngarie
1992 3035 1994 3038 ⁴

219 3161 222 3172 ,
299 3133 410 3200 cum
431 3101 643 3195 maxima
664 3097 1026 3223 sollempnitate
1051 3097 1214 3190 Duxit
1233 3097 1284 3189 in
1310 3125 1518 3219 vxorern¹
1538 3097 1692 3196 filiam.
1710 3101 1826 3198 Dor

296 3221 421 3314 rnini
448 3217 644 3311 Alberti
669 3215 828 3306 Ducis
854 3211 1053 3325 austrie,
1081 3212 1175 3306 Mt
1187 3243 1316 3307 ccxc
1465 3215 1660 3309 Eodem
1684 3223 1824 3316 auno

251 3452 253 3460 Ι
304 3363 415 3430 eum
439 3363 531 3458 per
551 3335 710 3425 totam
729 3343 910 3422 terram
934 3326 1125 3423 austrie.
1149 3329 1270 3422 Dux
1367 3329 1538 3426 bertus
1562 3333 1732 3430 ausi-rie
1766 3351 1819 3436 et

185 3491 187 3498 ’
298 3451 461 3549 Stiria.
487 3445 770 3542 crederetur
794 3443 887 3538 esse
912 3458 1147 3566 mortuus.
1168 3444 1285 3539 ficut
1308 3447 1356 3539 su
1393 3450 1523 3542 erius
1556 3449 1614 3562 in
1635 3456 1824 3574 vsi-ca.

298 3569 460 3694 pitulo
494 3566 721 3690 scripturn
753 3559 830 3658 eu.
861 3562 1330 3687 ArchiepiscopusS
1376 3569 1697 3780 czpurffiensis.
1721 3601 1823 3708 pn..

296 3829 385 3898 ros
408 3799 533 3894 suos.
565 3814 763 3892 centum
785 3797 1005 3921 equites:
1021 3811 1077 3890 et.
1093 3794 1193 3890 duo
1216 3798 1356 3890 milia
1405 3702 1824 3928 edimrbz«ablrbl{b··
1900 3811 1904 3824 '

296 3917 510 4046 ptabant
547 3917 600 4009 in
642 3915 890 4008 montanis
934 3928 985 4007 et
1027 3914 1342 4016 conuallibus
1367 3832 1702 4044 beturulpes.
1733 3923 1825 4046 qui
1935 3958 1938 3964 ¹

300 4033 649 4130 conbusserunt
691 4045 742 4124 et
768 4027 1126 4144 Destruxerunt
1154 4032 1292 4129 D-u'ci
1318 4035 1519 4134 Austrie.
1554 4039 1702 4132 Duas
1731 4071 1824 4178 pao

299 4151 447 4248 tellas
481 4151 612 4244 salis.
649 4163 701 4241 et
770 4143 981 4242 uandarn
1013 4149 1355 4272 'paruam-sed?
1381 4155 1618 4249 curialem·
1649 4158 1825 4254 ciuita«

300 4285 404 4361 tem
433 4179 768 4385 Trohinaw?

299 4384 553 4482 struxerat..
576 4383 703 4478 Dux.
762 4382 998 4478 redictus.
1024 4397 1075 4476 et
1089 4383 1475 4508 Dampnifloauit
1497 4419 1608 4483 eum
1629 4389 1693 4482 ad
1714 4392 1824 4491 esti·
2097 4481 2100 4486 .

301 4504 578 4599 macionem
603 4415 925 4626 ferebngulis
949 4501 1267 4594 annis'trium
1290 4504 1823 4613 mitiumtatentorum..
1959 4563 1962 4567 <

184 4648 196 4658 ·
265 4637 279 4714 ·.
302 4617 387 4715 sed
410 4616 613 4711 domino
637 4633 953 4742 cooperante.
987 4618 1070 4742 qui
1100 4617 1310 4712 summus
1343 4619 1407 4714 est
1438 4622 1671 4719 medicus.
1703 4657 1827 4724 cunr

303 4735 621 4837 conualuttret
654 4737 776 4837 Dux
812 4767 844 4836 a
879 4737 961 4833 sua
994 4734 1134 4950 gaaui
1177 4735 1455 4862 egritudine
1482 4756 1540 4839 et
1566 4772 1604 4838 a
1631 4745 1824 4955 umbem

1093 4881 1192 4954 02-
1618 4863 1719 4984 quo
1757 4894 1763 4954 3

771 4267 1026 4387 Trffeiach)
1057 4263 1107 4359 N
1109 4268 1288 4360 omine.
1323 4301 1478 4393 quam·
1493 4271 1676 4368 ibidem
1700 4303 1876 4368 eone.
2004 4337 2007 4341 ι
2156 4351 2162 4368 .
