4717 6050
483 479 485 482 ·
745 457 1222 558 amaru.
1382 556 1385 563 ,
1467 416 1470 425 ’
1691 504 1762 577 ,ις

343 718 350 725 ·
423 673 549 780 ltem
579 647 825 778 iudicium
844 677 982 778 iuxta
1001 677 1196 779 Rabam
1233 660 1370 823 quod
1393 706 1570 779 vacare
1602 679 1734 807 cepit
1765 676 1832 827 ab

125 879 130 891 ,
298 796 400 901 ,illo
421 797 484 896 de
510 801 637 898 Orte
695 831 767 897 ro.
792 803 940 897 xxxii.
962 800 1148 897 Marcis
1172 797 1502 896 denanorum

423 918 549 1014 Item
576 918 626 1016 Ο
660 920 808 1017 ccium
837 919 891 1013 in
913 916 1014 1014 Rat
1047 918 1299 1046 erlpvrch,
1342 946 1454 1013 cum
1482 912 1683 1012 Iudiciis
1717 910 1833 1013 fori.

310 1050 363 1137 ct
383 1037 654 1163 provincie.
679 1065 790 1179 pro.
811 1036 866 1131 C.
887 1068 1000 1133 xxx.
1083 1038 1208 1132 arcis
1235 1036 1562 1132 denariorum.
1684 1149 1695 1171 ·
1782 1046 1786 1053 “
1835 1076 1839 1087 ·

384 1217 389 1223 ·
427 1156 554 1249 Item
586 1153 825 1267 Ivdrcium
868 1169 921 1250 et
950 1154 1095 1276 Mvta
1128 1155 1181 1252 in
1212 1154 1444 1253 Bettowe
1486 1150 1742 1246 soluenua
1778 1142 1837 1244 C.

309 1272 408 1368 lxx.
431 1272 630 1367 Marcas
652 1303 761 1367 cum
782 1271 981 1398 prediis.
994 1272 1220 1369 Decimis
1243 1285 1295 1369 et
1316 1268 1449 1363 areis.
1467 1266 1681 1363 eiusdem
1702 1264 1838 1363 loco.

313 1388 639 1484 attinentibus
660 1388 897 1528 deputata
921 1390 1030 1486 lunt
1048 1389 1281 1491 fratribus
1304 1386 1481 1483 domus
1502 1382 1837 1480 Theutonice
1866 1480 1870 1489 ,

313 1537 408 1729 ffio
443 1503 659 1601 custodia
692 1506 826 1603 calin
861 1506 1094 1606 eiusdem.⁴
1125 1509 1178 1605 in
1207 1506 1359 1635 plena
1391 1496 1707 1599 estimatione.
1740 1497 1837 1635 CC.
1889 1540 1893 1548 ·
1978 1488 2012 1523 ”
2087 1432 2091 1439 ⁶

375 1653 596 1719 arcarum
615 1622 942 1721 denariorum.

433 1741 558 1836 Item
591 1740 823 1836 Officium
865 1738 1152 1869 prediorum
1192 1744 1323 1839 circa
1352 1732 1688 1860 Marchpurcb
1728 1762 1841 1837 cum
1909 1856 1915 1865 Ι
2016 1738 2018 1745 ’

317 1855 507 1956 Iudicio
537 1858 833 1984 provinciali
860 1890 969 1985 pro.
1000 1858 1054 1955 C.
1086 1862 1271 1957 Marcis
1303 1854 1631 1952 denariorum.
1735 1864 1739 1873 '
1820 1882 1825 1895 ·

433 1975 559 2068 Item
588 1966 828 2072 Iudicium
859 1974 1075 2074 eiusdem
1096 1976 1303 2107 Oppidi
1334 1972 1559 2073 etMuta.
1582 1998 1688 2097 pro.
1703 1962 1844 2065 CCC.
1938 1976 1942 1989 '
2050 1936 2054 1943 ⁵

314 2086 503 2193 Marcis·
531 2089 861 2199 denariorum,
1043 2138 1045 2142 >
1247 2190 1251 2198 ,
1970 2192 1972 2199 .

344 2328 355 2349 ·
433 2209 561 2305 Item
593 2210 826 2308 Officium
864 2211 918 2305 in
946 2209 1135 2339 Tyver.
1164 2238 1274 2337 pro.
1312 2206 1444 2357 lxxx.
1476 2202 1662 2356 Marcis
1683 2196 1847 2358 dena·
1982 2302 1984 2307 .

316 2356 564 2655 Zorlldem
606 2440 848 2539 Iudicium
889 2433 942 2539 in
984 2440 1359 2563 Sachienvcl'de.
1397 2467 1507 2566 pro.
1549 2436 1616 2551 xl.
1657 2424 1848 2533 Marcis
1895 2454 1937 2563 J

358 2586 746 2769 emirldcmdlitem
778 2704 890 2769 cum
921 2674 1154 2771 vniuerlls
1184 2669 1512 2799 prouentibus
1532 2666 1708 2794 Tyver
1737 2668 1851 2765 atti·

321 2787 555 2884 uentibus
585 2789 886 2888 victualibus
928 2804 980 2885 et
1010 2792 1119 2886 aliis
1154 2818 1468 2915 quocumque
1499 2786 1701 2882 nomine
1735 2818 1851 2883 cen·

114 2929 123 2939 '
265 2908 529 3004 leantur.
568 2906 678 3001 lunt
708 2904 912 3004 domino
943 2905 1267 3004 Theoderico
1300 2904 1434 3001 dicto
1466 2904 1651 3034 Stange
1694 2901 1852 3030 depu·
2004 2908 2007 2914 ’

230 3067 235 3074 ·
322 3037 426 3122 tata
464 3053 558 3152 pro
589 3020 805 3121 custodia
835 3020 1644 3152 quatuor·Castrorum.·videlicet.
1675 3020 1852 3118 Siben·

324 3139 479 3256 ckke,
509 3139 878 3257 frevdenekke‚
907 3141 1252 3237 Rvkenltaine.
1284 3156 1336 3237 et
1365 3140 1756 3256 Sachsenwarte,
1787 3135 1852 3236 ad

320 3261 467 3354 vniue
499 3259 619 3354 anni
648 3255 867 3382 spatium.
896 3260 950 3351 in
982 3259 1296 3354 eltimatIone.
1328 3255 1424 3352 CC.
1455 3257 1749 3352 Marcarum.
1875 3273 1879 3290 '

441 3375 566 3470 Item
598 3373 745 3468 Muta
774 3371 1231 3470 lub'Muitenberch.
1264 3401 1303 3484 c,
1333 3407 1411 3469 xx.
1437 3371 1593 3471 Marc.
1619 3373 1886 3488 OfficIum
1976 3401 2012 3478 ·,
2119 3437 2122 3444 «
2246 3299 2249 3306 ¹

329 3503 381 3583 ct
413 3486 664 3618 'Iudicium
714 3489 1022 3615 provinciale
1074 3493 1207 3586 circa·
1244 3491 1574 3606 Ybanlwalde
1597 3489 1855 3618 ‘deputata

326 3607 437 3706 lunt
463 3604 689 3734 dapifero
721 3606 783 3703 de
814 3606 1136 3704 fulmenstein.
1158 3637 1253 3736 pro
1284 3605 1504 3708 custodia·
1530 3605 1745 3704 eiusdem
1778 3637 1857 3701 ca·

280 3839 286 3851 .
326 3719 405 3818 stri
426 3723 761 3820 Mitenberch
793 3726 858 3822 ad
888 3725 1257 3823 estimationem.
1276 3726 1337 3822 .C.
1367 3723 1424 3822 L.
1455 3723 1738 3822 Muccurum
1771 3722 1857 3819 de·
2003 3833 2005 3837 ,

325 3843 590 3950 uariorum.

282 4050 287 4058 .
345 3975 360 3995 '
445 3960 571 4053 Item
602 3955 843 4055 Iudicium
880 3962 1190 4101 provinciale
1231 3927 1285 4056 in
1316 3929 1856 4076 Wildonia‚'et1ndi·
1895 3963 1899 3982 ’
2064 3942 2066 3950 ’

329 4075 458 4172 cium
487 4077 586 4173 fori
616 4100 726 4173 cum
759 4093 936 4174 cetcns
959 4079 1321 4218 prouentibus,
1353 4077 1592 4289 defiutata
1622 4076 1732 4174 sunt
1760 4105 1857 4205 pro

330 4192 544 4304 custodia
597 4196 797 4292 maioris
822 4193 973 4292 castn
1011 4195 1236 4293 Wildon.
1282 4194 1345 4291 ad
1390 4225 1417 4292 e

330 4306 624 4408 Marcarum.
678 4345 682 4353 ’
1261 4355 1272 4370 “
1401 4315 1409 4324 ’

450 4427 574 4524 Item
607 4429 838 4526 Officium
870 4431 922 4526 in
942 4430 1238 4558 Witlper'ch.
1270 4445 1322 4528 et
1343 4431 1503 4526 Muta.
1535 4446 1587 4526 ct
1617 4421 1858 4529 Iudicium

330 4547 650 4674 provinciale.
717 4578 787 4651 ro.
819 4547 917 4643 CC.
949 4547 1135 4644 Marcia
1166 4548 1495 4645 denariorum.
1669 4568 1672 4576 ·

203 4778 208 4786 ¹
449 4662 572 4759 Item
596 4666 651 4760 Iu
689 4667 908 4763 1ciumin
930 4666 1245 4763 ludenbvrch
1266 4681 1317 4762 et
1336 4665 1483 4762 Muta
1508 4664 1695 4762 ibidem
1717 4679 1769 4762 et
1782 4663 1858 4757 lu·

262 4834 266 4838 -
328 4773 514 4875 dicium
524 4783 846 4909 provinciale,
870 4784 1173 4998 etludiclium
1193 4783 1624 4905 inChnvtelvelde
1641 4781 1862 4996 cumtluis

698 4956 701 4962 ·
1134 4929 1165 5000 2
1264 4945 1266 4952 ·
1542 4933 1546 4942 ·
1688 4931 1716 4997 a
1761 4931 1799 4994 ι-

1456 4197 1759 4292 imationem.
1798 4193 1858 4291 L.
2033 4317 2038 4326 ¹
2099 4219 2102 4226 ·
2134 4227 2139 4234 ·
