4717 6050
442 1714 447 1729 ·
613 1663 744 1757 nnis.

464 3737 467 3742 .
611 3693 703 3756 ues
735 3674 787 3754 et
806 3660 1002 3758 nobiles
1040 3661 1192 3758 adeex
1230 3663 1512 3759 edicionem

663 526 743 631 ³7⁸
1056 512 1150 627 21v.
1206 510 1747 631 ennonicon

613 719 741 849 galia
778 714 985 843 Rapinis
1024 716 1074 811 in
1104 732 1336 843 petentes
1373 715 1513 810 nullo
1552 717 1625 811 eis
1659 712 1902 810 refistentc
1963 708 1968 717 ’
2019 712 2133 811 Rex

612 863 733 931 vero
756 836 953 940 interim
974 836 1238 932 Wienna'm
1260 832 1585 961 progrediens
1606 834 1670 928 ad
1691 832 1869 929 ducem
1887 829 2133 929 albertum

614 970 665 1049 et
688 956 817 1050 inter
839 954 889 1046 se
913 952 1097 1047 secreta
1118 949 1620 1065 tractantesdiuersn·
1804 970 1809 977 ’
1879 1038 1883 1042 ,
1976 956 1982 967 ’

646 1070 650 1082 ’
730 1069 924 1166 Eodem
957 1096 1089 1165 anno
1121 1069 1292 1165 festum
1325 1069 1548 1195 corperis
1582 1068 1824 1163 christiin
1855 1068 2022 1195 vigilia
2054 1070 2134 1166 Io·

611 1188 790 1287 hannis
823 1186 1026 1313 baptiste
1063 1190 1245 1284 euenit:
1288 1200 1339 1283 et
1357 1186 1687 1299 innocencius
1705 1197 1824 1283 tunc
1847 1204 1978 1313 papa
2001 1186 2133 1284 deci·
2225 1252 2228 1258 -

612 1338 721 1403 mus
749 1306 810 1401 ab
835 1308 970 1402 omni
996 1306 1132 1402 clero
1169 1321 1221 1401 et
1246 1306 1336 1424 reli
1372 1306 1479 1399 iofis
1504 1308 1728 1431 exceptis
1766 1320 1943 1399 etnon
1962 1315 2133 1401 'exem-

613 1428 712 1552 ptis
733 1456 831 1565 per
861 1424 1315 1567 metropolitanum.
1337 1336 1781 1635 {elczpurpensem
1813 1422 2018 1547 requirit
2050 1456 2134 1519 ex·

613 1559 773 1683 ceptis
806 1540 1058 1639 crucifens
1090 1556 1141 1638 et
1158 1542 1430 1698 tepnpiarijs
1454 1556 1506 1639 et
1527 1540 1596 1636 ho
1615 1541 1850 1668 pitalarijs
1882 1555 1933 1635 et
1954 1541 2132 1679 Ichan-

731 1780 856 1873 Item
880 1790 1177 1890 terremotus
1207 1766 1448 1871 maximus
1476 1778 1527 1871 in
1559 1766 1778 1905 p'artibn's
1800 1774 2135 1901 superioribus

615 1898 744 1991 circa
780 1891 830 1991 N
833 1896 1077 1991 firnberch
1113 1897 1244 1992 circa
1279 1895 1486 1992 Martini
1519 1890 1703 1990 factum
1727 1894 1818 2003 effe
1856 1893 2047 1989 dieitur.
2082 1912 2133 1991 et

611 2012 754 2109 Pasei
791 2013 964 2107 ciuitas
996 2013 1221 2111 subuersa
1253 2011 1330 2109 est.
1348 2110 1352 2116 ,
1371 2027 1423 2107 et
1447 2012 1752 2109 antichristus
1781 2014 1840 2125 in,
1858 2010 2144 2150 babylonia.
2293 2109 2294 2112 γ

612 2146 759 2227 natus
787 2129 925 2224 fuisse
949 2128 1141 2223 dicitur.
1675 2189 1678 2196 »
1802 2228 1809 2252 ‚

716 2246 921 2343 ,Festum
943 2248 1095 2341 marie
1118 2249 1465 2372 coneepcionis
1492 2248 1763 2344 instituitur.
1822 2248 1826 2256 ’

592 2428 597 2439 1
729 2364 841 2463 Rex
864 2366 1078 2493 Vngaric
1099 2365 1334 2491 assumpta
1355 2366 1518 2460 iecum'
1542 2366 1723 2460 milicia
1742 2364 1998 2463 deanstria
2013 2400 2130 2465 con·

613 2495 689 2580 tra
712 2482 943 2603 venecias
967 2480 1299 2577 dimicaturus.
1331 2514 1479 2609 quem
1493 2482 1594 2578 dux
1605 2483 1824 2579 albertus'
1836 2485 2128 2614 subsequens

612 2604 795 2741 timens
816 2598 880 2717 de
904 2604 1037 2732 regis
1065 2600 1149 2695 irbi
1172 2598 1343 2697 dilecti
1366 2602 1593 2729 periculo
1617 2604 1669 2697 in
1688 2631 1815 2729 pace
1845 2607 2011 2701 omnia
2036 2606 2127 2702 dis·

612 2734 772 2847 ponit.
1677 2750 1682 2762 ·
1748 2738 1751 2745 '

341 2830 345 2840 ’
433 2919 438 2936 ,
732 2836 928 2940 Interea
952 2833 1181 2933 australes
1211 2866 1436 2980 mpgnam
1455 2822 1771 3052 predane
1795 2842 2015 2937 morauia
2039 2843 2128 2937 cir·

613 2948 850 3051 cefestnm
862 2952 1142 3050 Michaelis.
1156 2956 1454 3084 Dinprunta'
1490 2956 1625 3052 iente
1639 2953 1765 3055 duce
1780 2957 1986 3056 alberto.
2049 2990 2126 3056 ua·
2285 2984 2289 2986 ’

470 3153 475 3169 .
611 3089 820 3287 propter
850 3073 1031 3168 Comes
1068 3072 1298 3171 Morauie
1329 3073 1583 3168 iracundia
1608 3091 1792 3183 motus,
1826 3091 1876 3172 et
1909 2991 2127 3174 coniius.

591 3243 598 3252 ·
650 3189 960 3288 eadiutorio
992 3189 1157 3288 fratris
1174 3193 1260 3289 ‘sui
1276 3192 1472 3288 'scilicet
1502 3186 1859 3320 Rege‘Knrrilo
1889 3193 2128 3325 bohemo·
2293 3278 2294 3281 i

611 3337 719 3410 rum
753 3310 917 3406 versus
952 3309 1172 3403 austriam
1205 3313 1473 3405 exercitum
1497 3310 1803 3410 armatorum·
1826 3311 1991 3442 dirigit
2007 3342 2126 3410 cun³

613 3441 691 3522 cta
724 3422 789 3520 de
820 3425 1044 3552 Rapinis.
1079 3441 1130 3524 et
1157 3427 1395 3548 incendijs
1426 3427 1718 3544 deuastanst,
1778 3424 1915 3555 quod
1938 3429 2041 3528 dux
2064 3431 2128 3527 al·-

473 3608 483 3622 ·
610 3545 783 3638 bertus
811 3547 1093 3670 percipiens
1123 3550 1285 3642 verius
1308 3548 1577 3650 Wiennam
1590 3562 1833 3680 properat
1866 3563 2045 3646 omnes
2067 3551 2127 3644 ci·

611 3779 813 3906 vngarie
833 3781 893 3912 in
907 3695 1242 3902 omnibusfiiii
1260 3779 1494 3888 affistente
1514 3693 1766 3908 gioriatur.
1817 3783 2020 3879 ‘Interea
2080 3814 2124 3879 u·

473 3963 479 3971 -
611 3899 744 3991 centi
768 3899 942 4022 armati
966 3930 1054 4024 per
1077 3895 1254 4020 ducem
1277 3899 1526 3993 Iuniorem
1542 3904 1570 4021 ’(
1583 3905 1736 3997 Rudol
1754 3903 1861 4042 um)
1883 3902 1935 3994 in
1957 3901 2123 3999 Waid·

524 4032 530 4048 ’
610 4015 779 4110 honen
800 4011 1076 4141 diriguntur
1098 4019 1161 4111 ad
1186 4015 1452 4112 custodiam
1476 4033 1728 4113 metarum.
1759 4017 1936 4143 quibus
1961 4023 2124 4116 omnia
2162 4036 2165 4042 ’

489 4135 498 4146 “
610 4131 873 4228 necessaria
908 4164 939 4227 a
969 4133 1261 4232 monasterio
1293 4131 1458 4230 nostro
1491 4135 1610 4229 iniiu
1642 4134 1854 4229 eiusdem
1890 4138 2125 4266 principis
2153 4189 2158 4198 ·

610 4280 702 4376 per
736 4281 887 4374 xxnn.
921 4250 1028 4347 dies
1094 4267 1288 4348 orrecta
1323 4253 1431 4346 funt
1472 4267 1524 4349 et
1556 4253 1739 4379 frigore
1779 4256 1996 4381 irruente
2030 4258 2138 4384 pax'

611 4397 702 4512 per
735 4399 763 4462 e
801 4368 1017 4496 iscopum
1105 4369 1462 4464 l'omucenienn'
1494 4386 1546 4464 et
1568 4401 1622 4466 re
1658 4374 1790 4464 inam
1813 4368 2027 4500 Vngnrie
2060 4371 2123 4466 vs·

613 4516 709 4613 qne
788 4490 908 4610 cori}
929 4487 1142 4584 resecata
1167 4487 1244 4582 est.
1305 4489 1328 4608 (
1342 4492 1424 4582 Itn'
1448 4401 1659 4614 Codex}
1882 4591 1889 4602 ,
1980 4552 1985 4562 ·

614 4617 620 4628 '
730 4602 931 4700 Eodem·
948 4637 1079 4704 anno
1113 4607 1348 4703 acerrima
1371 4607 1485 4699 vine
1506 4605 1707 4703 fuerunt
1768 4608 1935 4732 ra'ngia
1959 4621 2122 4700 mona·

611 4719 733 4842 iterij
770 4724 823 4815 in
854 4723 1090 4850 Neyczen
1126 4755 1283 4849 prope
1321 4726 1435 4850 igne
1472 4726 1703 4836 exuritur.
1777 4745 1949 4819 'orrea
1977 4723 2121 4850 plena

601 4839 863 4948 ⁴frumento
889 4855 939 4938 et
963 4837 1082 4956 feno
1108 4839 1172 4938 ad
1192 4856 1290 4940 ccc.
1314 4842 1517 4944 talenta.
1615 4839 1810 4944 Eodem
1842 4873 1993 5060 miii
2008 4842 2122 4964 obijt

903 4980 915 5017 ’
1996 4990 2068 5056 er·

1579 3679 1837 3790 inperant-
1855 3697 1980 3794 ymo
2009 3697 2067 3764 re
2099 3697 2125 3762 e
