4717 6050
594 376 598 385 ’
745 368 1383 519 crta-ouavsrarac.
1656 458 1748 561 =‚2⁴5

275 636 411 738 'Pars
431 634 585 733 etiarn
614 638 859 735 exercitus
874 638 1082 735 illorum
1113 638 1317 733 intrauit
1339 631 1726 733 finesssobemie
1747 652 1801 734 et
1849 744 1853 752 .
2019 661 2023 669 ’

246 860 247 872 Ν
290 753 475 851 austrie.
507 768 558 848 et
583 755 750 851 munitis
781 754 1056 852 interfectis
1084 755 1147 851 ad
1178 755 1292 850 suos
1326 753 1636 870 remeabant,
1696 754 1800 852 Ho-

288 900 398 967 rum
423 871 641 997 omnium
664 872 906 969 malorum
931 888 1155 970 auctores
1179 884 1319 965 erant
1341 873 1564 966 comites.
1592 872 1678 998 qui
1701 902 1800 967 ma-

288 1001 416 1083 trem
444 1017 497 1085 re
535 988 574 1084 's
601 988 900 1088 occiderant.
928 1018 993 1088 eo
1011 989 1148 1116 quod
1168 986 1296 1083 filius
1320 987 1606 1082 eiirninaiiet
1625 1020 1715 1085 eos
1737 988 1801 1083 de

286 1103 482 1201 iedibus
523 1106 612 1201 uis.
671 1106 792 1202 Non
826 1122 931 1203 erat
958 1132 1082 1237 gens
1115 1136 1280 1437 ηεξω
1303 1112 1509 1233 regnum
1536 1104 1676 1231 quod
1696 1134 1802 1200 non

289 1223 489 1319 timeret
516 1222 691 1323 audito
711 1226 915 1319 nomine
939 1254 1122 1321 eorum.
1236 1222 1339 1317 uod
1358 1223 1541 1316 malurn
1562 1244 1688 1316 cum·
1729 1250 1802 1318 er·

108 1454 111 1459 Ι
287 1338 490 1465 cepidet
510 1368 655 1562 ¹papa
684 1334 971 1554 Gregoriue.
1002 1354 1160 1483 tactus
1230 1340 1384 1436 olore.
1412 1351 1468 1433 et
1497 1338 1673 1479 volens
1690 1255 1804 1478 ino

291 1484 488 1553 currere
529 1470 674 1551 anate
695 1486 781 1552 ecc
802 1456 893 1555 elie
916 1458 1161 1557 trtubantr.
1193 1455 1401 1557 sednon
1423 1453 1685 1558 deficrcutr.
1715 1484 1804 1549 mr·

290 1572 349 1689 dt
369 1572 568 1699 legatos
589 1573 990 1703 suos-*predicare
1022 1591 1075 1673 et
1096 1577 1236 1671 Dare
1261 1603 1469 1669 crucem.
1499 1574 1553 1667 in
1575 1570 1805 1667 remiffio·
1955 1643 1967 1663 .
2110 1648 2145 1665 ..

289 1716 406 1785 nero
431 1691 649 1786 omnium
671 1707 1007 1817 peccatorum.
1070 1678 1172 1789 uod
1202 1691 1344 1788 multi
1372 1720 1483 1784 cum
1507 1686 1690 1817 gaudio
1713 1689 1804 1787 sus·

288 1807 553 2020 iiiiii
578 1804 990 2025 intutas.
1048 1805 1806 2023 tttttttttttmittttbi
1892 1830 1897 1837 ’

287 2034 724 2138 filiosdiffidencie.
784 2042 887 2140 Sed
907 1960 1137 2139 dominus
1158 2044 1428 2168 imperator
1449 2039 1547 2133 hoc
1566 2038 1672 2133 fieri
1692 2067 1806 2165 pro·
1893 2162 1897 2169 .

290 2154 454 2253 hibuit
482 2186 545 2252 eo
604 2155 708 2252 uod
728 2186 819 2257 rex
838 2160 1056 2287 Vagarie
1084 2158 1237 2253 abeo
1256 2168 1462 2252 vocatus
1494 2156 1665 2251 venire
1688 2185 1806 2250 con·
1835 2224 1841 2233 -

289 2272 484 2398 tcmpsrt
512 2286 566 2367 et
618 2278 738 2399 oqui
773 2304 884 2370 cum
920 2306 998 2372 eo.
1068 2275 1318 2403 Dominus
1349 2300 1484 2399 papa
1516 2269 1804 2401 Gregorius.

148 2460 153 2489 ι
285 2416 398 2483 non
418 2390 770 2486 reconciliatur
791 2395 1077 2518 imperatori
1095 2390 1230 2511 obijt
1675 2505 1710 2517 Ι,

411 2504 697 2626 M⁹.cc.xliij.
728 2506 925 2603 Tartari
947 2524 998 2604 et
1021 2508 1250 2605 chomani
1273 2506 1472 2599 nemine
1493 2502 1733 2600 resistente
1756 2514 1808 2599 et

293 2636 600 2717 occurrente.
639 2622 934 2719 recesserunt
970 2624 1032 2718 ab
1061 2624 1275 2763 Vngaria
1307 2648 1418 2714 cunr
1441 2619 1631 2716 infinita
1650 2620 1808 2747 preda
1863 2671 1866 2679 ι

292 2737 400 2831 auri
421 2751 472 2830 et
490 2738 694 2860 argenti.
715 2738 929 2835 uestium.
954 2740 1250 2836 animabum.
1281 2734 1465 2831 multos
1497 2751 1550 2830 et
1581 2738 1807 2863 captiuos

291 2853 548 2980 vtriusque
566 2853 717 2966 sexus·
740 2851 991 2950 ducebant
1010 2858 1061 2950 in
1085 2852 1408 2979 obprobrium
1427 2850 1811 2951 christianorum.
1915 2956 1918 2962 ,

292 2968 398 3090 Qui
432 2970 674 3066 intrantes
705 2971 919 3098 greciam
960 2987 1117 3068 totam
1152 2970 1501 3068 terramillam
1535 2968 1806 3098 depopula-

248 3191 252 3196 ,
291 3051 427 3182 bant.
471 3117 591 3182 exce
626 3089 692 3181 tis
730 3085 934 3184 castellis
976 3105 1030 3183 'et
1070 3089 1352 3183 ciuitatibus
1397 3086 1548 3183 ualde
1592 3090 1807 3184 munitis.

291 3201 407 3300 Rex
425 3232 548 3298 uero
610 3201 1137 3330 onstantinopolitanus
1156 3205 1360 3298 nomine
1368 3200 1670 3299 Paldwiuus.
1690 3235 1806 3299 con·

160 3345 172 3364 ·
231 3401 240 3416 ,
293 3317 473 3448 getius
500 3317 564 3414 est
590 3321 820 3459 cumeis.
864 3346 1017 3459 aquo
1040 3323 1200 3530 primo
1222 3320 1358 3416 victi.
1377 3322 1429 3412 in
1450 3319 1665 3415 secunda
1690 3338 1825 3417 con:

293 3433 532 3577 greffione
554 3450 712 3532 vrctus
734 3435 800 3530 eii
817 3434 881 3532 ab
908 3465 993 3531 ers.

1077 3449 1250 3529 nterea
1280 3433 1437 3530 fames
1469 3435 1720 3533 horribilis
1753 3452 1808 3531 et
1896 3535 1901 3542 ,

294 3571 355 3682 rn
382 3552 559 3648 audita·
585 3551 756 3649 iuuant
790 3567 972 3649 terram
1003 3553 1229 3680 Vngarie.
1271 3564 1322 3646 et
1386 3552 1520 3648 iures
1553 3557 1809 3680 perierunt
1976 3606 1980 3614 Δ
2044 3556 2051 3574 “

294 3671 439 3766 farne.
469 3700 616 3811 quam
642 3667 790 3765 antea
809 3698 837 3764 a
856 3671 1076 3802 paganis.
1116 3667 1279 3762 Canes
1309 3673 1337 3762 e
1374 3669 1533 3764 ebant·
1561 3685 1613 3767 et
1644 3685 1808 3765 cattos

296 3802 348 3882 et
365 3788 607 3884 hommes.
636 3788 865 3883 Humana
878 3817 991 3884 caro
1011 3785 1209 3913 publice
1232 3784 1541 3881 vendebatur
1559 3785 1807 3905 innundi·

273 3907 385 4006 uis.
442 3903 645 4000 Deinde
678 3905 784 4030 lupi
818 3925 1021 4032 rapaces
1052 3917 1104 3999 et
1137 3900 1294 3998 infesti
1325 3905 1514 3998 nemini
1543 3919 1807 4031 parcentes
1860 3969 1863 3973 -

291 4065 293 4072 v
329 4021 647 4116 reualuerunt
667 4024 718 4116 in
742 4035 886 4152 terra.
927 4025 996 4117 ita
1026 4017 1161 4147 quod
1188 4023 1276 4119 vix
1307 4019 1373 4116 ali
1409 4022 1483 4114 uis
1504 4019 1713 4116 auderet
1742 4018 1806 4114 dc

202 4241 207 4248 ,
276 4053 448 4234 -gomo
470 4140 553 4233 sua
573 4140 773 4234 inermis
794 4138 1081 4265 procedere.
1152 4051 1574 4234 Deindeioeusta
1595 4135 1649 4233 id
1672 4133 1808 4264 quod

113 4311 115 4316 ·
295 4255 580 4374 seminatum
605 4272 712 4351 erat
733 4255 936 4352 corrofit
1010 4257 1080 4351 Iu.
1097 4285 1192 4352 nv,
1227 4255 1375 4351 dietis
1409 4255 1463 4350 in
1487 4253 1805 4396 ⁸longitudine

299 4385 350 4464 et
370 4371 645 4469 latitudine.
674 4373 828 4468 homo
850 4403 953 4469 non
978 4369 1323 4468 inueniebatur
1341 4376 1394 4469 in
1417 4396 1575 4513 regno
1595 4371 1699 4468 dio.
1759 4373 1807 4466 A

297 4490 563 4585 natiuitate·
590 4490 760 4588 christi.
793 4513 896 4586 non
926 4489 1150 4587 elitanta
1208 4492 1321 4620 laga
1350 4504 1404 4586 et
1427 4489 1615 4586 miseria
1633 4487 1733 4584 visa
1754 4503 1806 4584 ct
1944 4549 1947 4554 -

299 4603 468 4700 audita
487 4607 539 4701 in
563 4609 728 4734 aliquo
750 4638 907 4736 regno
931 4608 1047 4705 ficut
1068 4611 1120 4704 in
1189 4611 1357 4735 ngaria
1372 4616 1804 4736 'propter'peccata

261 4749 486 4820 corum.
560 4725 617 4818 In
648 4726 796 4854 plaga
829 4741 882 4822 et
912 4727 1018 4854 post
1048 4729 1244 4942 pgalgam
1275 4725 1401 4821 tales
1436 4739 1588 4824 erant.
1633 4723 1803 4935 qutales
1924 4811 1931 4822 .

590 4897 597 4908 ·
914 4910 919 4919 ·
1180 4877 1214 4968 3
1630 4869 1744 4936 aue
