4717 6050
254 1914 617 2028 namnam
637 1912 877 2059 nonrc1
896 1910 1211 2033 nacarat:
1230 1840 1786 2015 cnanmnnunsu·

707 2210 934 2292 ΗΜΛ
973 2200 1345 2289 orvscvtn

412 2459 1207 2569 onsaavarrouus
1256 2441 1638 2561 r‘aavra
1806 2495 1814 2507 ·

1034 3085 1060 3182 l

343 3411 629 3498 ortunetillima
651 3411 938 3494 cremifanenli
966 3417 1009 3490 in
1034 3413 1191 3492 AullrIa
1217 3413 1334 3518 supra
1351 3415 1529 3496 Analum
1547 3416 1793 3496 Monallerio

393 3523 466 3598 illa
492 3537 681 3624 tempora
704 3519 884 3610 fuerunt,
915 3515 1058 3620 quibus
1089 3518 1341 3594 Fridericom
1359 3517 1392 3594 1.
1419 3543 1473 3596 ex
1491 3522 1684 3626 generosa
1701 3522 1790 3596 Do·

267 3631 470 3703 minorum
497 3626 549 3700 de
574 3621 680 3699 Aich
706 3621 822 3724 llirpe
849 3634 982 3698 ortum
1009 3643 1088 3721 per
1111 3619 1223 3695 LIV.
1242 3615 1392 3714 annos,
1428 3645 1576 3724 nempe
1594 3622 1647 3697 ab
1667 3629 1788 3699 Anno

270 3727 411 3805 christi
434 3751 544 3828 1273.
564 3749 688 3825 usque
713 3725 766 3799 ad
792 3727 901 3821 1326.
925 3720 1132 3799 Abbatern
1153 3721 1306 3799 habuit.
1410 3723 1477 3800 De
1504 3726 1567 3801 hia
1594 3726 1790 3828 coprolius

160 3841 164 3850 ’
269 3831 458 3908 differere
493 3851 575 3904 non
611 3827 664 3902 ell
697 3824 814 3903 noliri
847 3824 1026 3900 instituti:
1053 3849 1162 3926 quae,
1189 3823 1325 3926 liquis
1351 3825 1459 3904 nolle
1486 3826 1701 3919 defiderat,
1729 3825 1791 3902 Si-

271 3933 403 4010 monir
427 3927 731 4032 Rettenpacher
755 3928 924 4004 annales
950 3924 1269 4004 cremifanensee
1298 3953 1439 4033 apag.
1464 3955 1539 4021 207
1562 3969 1612 3992 -
1639 3955 1725 4006 aro.
1752 3924 1805 4004 et

71 4123 74 4130 ,
227 4111 237 4132 ,
271 4035 451 4111 Mariani
482 4031 716 4132 Pacbmayr
741 4029 883 4107 seriem
913 4029 1098 4106 historico
1116 4075 1132 4094 ·
1152 4028 1484 4136 chronologicam
1514 4031 1724 4110 Abbatum
1752 4042 1795 4106 et

272 4135 568 4240 Religiolorum
586 4131 939 4210 Cremifanenlium
963 4131 1068 4207 Part.
1087 4132 1139 4208 11.
1160 4158 1186 4208 a
1206 4157 1301 4240 pag.
1325 4161 1395 4227 ¹34
1418 4175 1466 4194 -·
1491 4161 1574 4234 ¹75·
1603 4132 1794 4211 consulat.

275 4236 365 4314 Hoc
388 4239 491 4316 loco‘
508 4237 635 4314 folum
663 4257 1051 4325 commemoramus,
1077 4236 1318 4337 praeclarum
1332 4237 1436 4314 hunc
1453 4236 1667 4314 Praesulem
1684 4233 1792 4312 eho·

273 4363 362 4416 rum
389 4341 442 4416 ad
470 4340 612 4416 laudea
637 4338 731 4414 Deo
754 4329 1106 4440 ritu'Gregoriano
1129 4341 1351 4416 cantandas
1382 4337 1590 4417 codicibus
1617 4339 1793 4430 mulicis,
1958 4366 1965 4380 i

274 4439 412 4542 infigni
442 4441 646 4544 elegantia
671 4439 847 4544 scriptia,
883 4437 1176 4516 bibliothecam
1206 4442 1373 4520 delectis
1396 4467 1450 4519 ex
1472 4445 1582 4518 omni
1612 4441 1794 4518 scientia·

274 4565 363 4618 rum
391 4554 471 4616 tum
492 4545 739 4648 cognitarum
764 4565 910 4644 genere
934 4540 1046 4616 libris
1064 4541 1277 4619 instruxille
1303 4542 1344 4620 ἃ
1364 4544 1538 4638 auxille,
1565 4543 1720 4621 scholas
1740 4541 1795 4619 ad

149 4683 152 4690 ¹
275 4642 551 4723 instituendam
569 4647 817 4723 iuventutem
837 4643 1023 4733 erexisse,
1051 4667 1098 4720 ac
1119 4646 1324 4748 praecipue
1344 4673 1512 4750 operam
1532 4647 1701 4739 dedille,
1730 4658 1796 4740 ut,

273 4747 403 4848 quiin
422 4745 648 4822 monasterii
671 4747 724 4822 lui
744 4749 940 4849 gremium
965 4747 1271 4823 admitterentur
1288 4749 1464 4845 alumni,
1498 4751 1641 4828 litteris
1660 4747 1792 4854 probe

274 4845 417 4966 imbuti
435 4845 578 4945 ellent,
603 4862 646 4928 et
671 4849 727 4928 ad
755 4847 1003 4926 celebritatis
1026 4847 1180 4928 lamam
1207 4849 1438 4956 aspirarent.
1516 4852 1697 4947 Horum,
1724 4851 1794 4951 qui

1691 4977 1745 5032 ex
