4717 6050
162 443 228 486 ·,
434 499 438 510 ¹
588 399 633 508 ω·
888 391 891 398 ’
984 374 1580 488 immolestum
1771 327 1777 338 ’

651 608 707 700 In
743 600 1032 702 Weinzvrll.
1063 595 1128 698 vi.
1164 601 1407 699 beneficia
1451 597 1660 702 loluunt.
1693 637 1741 700 x.
1767 603 1960 716 solidos
1994 627 2047 721 et

400 769 407 800 ι
529 723 800 823 dimidium.
832 724 886 816 in
907 718 1063 817 tribus
1086 720 1231 817 festis.
1264 724 1313 816 ii.
1344 721 1524 818 caseos
1550 739 1602 818 et
1620 723 1938 862 Mychahelis
1962 760 2047 826 an·

520 847 695 946 serem.
732 857 784 937 et
816 841 865 936 ii.
900 840 1080 968 pullos.
1113 854 1164 934 et
1194 842 1248 936 in
1279 838 1623 981 Carnilpriuio.
1646 842 1695 936 i1.
1718 842 1942 970 gallinas.

643 964 703 1057 ln
734 955 1098 1057 Zaizmanstoi‘l.
1133 958 1218 1052 iiii.
1254 957 1496 1054 beneficia
1537 959 1756 1070 soluunt,
1778 963 1826 1057 ii
1856 963 2045 1060 talenta

561 1097 707 1178 retet.
734 1109 826 1175 nn
859 1076 1103 1173 denarios.
1166 1078 1305 1173 Item.
1342 1078 1390 1172 ii.
1426 1076 1668 1175 beneficia
1697 1109 1810 1206 que,
1827 1080 2044 1187 limiliter

522 1114 838 1411 {imitantset
869 1209 1109 1323 ceperunt
1146 1223 1338 1292 vacare.
1370 1193 1616 1296 aduocato
1640 1193 1705 1294 d'e
1727 1195 1933 1294 domina
1958 1200 2043 1295 Vl·

519 1349 626 1415 nco
698 1347 725 1412 e
818 1345 950 1410 evze.
1195 1411 1199 1418 ,
1688 1349 1701 1376 ²
1955 1375 1991 1384 --

639 1436 698 1531 In
727 1431 975 1529 Pvrchllal
1010 1427 1158 1527 Curia
1187 1430 1416 1528 villicalis
1452 1461 1550 1560 que
1573 1431 1732 1534 loluit
1764 1465 1810 1528 x.
1833 1431 2036 1531 solidos.

520 1555 604 1651 De
637 1551 832 1649 duobus
866 1545 1193 1646 Molendinis.
1225 1550 1274 1645 ii.
1305 1548 1509 1646 talenta.
1624 1549 1790 1645 uidam
1873 1581 1929 1648 er
1950 1548 2041 1648 lol-

520 1678 594 1770 uit
626 1671 660 1766 1.
691 1668 939 1766 denarios.
998 1671 1125 1765 Item
1158 1665 1305 1762 Curia
1335 1667 1563 1763 villicalis
1609 1669 1734 1764 oluit
1768 1583 2041 1777 vffiolidos.

316 1821 320 1831 ·
519 1805 571 1886 et
595 1821 747 1887 vnum
770 1783 992 1883 modium
1010 1786 1182 1881 tritici.
1197 1799 1260 1882 et.
1291 1787 1340 1880 ii.
1364 1783 1562 1882 modios
1587 1784 1836 1881 frumenti
1872 1802 1923 1883 et
1956 1789 2037 1891 vii.
2338 1896 2339 1911 ἶ

341 1911 350 1940 ’
517 1907 714 2006 modios
758 1935 930 2001 avene.
977 1903 1227 2000 chaltmvt.
1270 1932 1493 2031 quorum.
1538 1904 1607 1999 iii.
1651 1901 1840 2000 faciunt
1884 1910 2038 2001 vnum
2188 2006 2191 2010 ,
2339 2010 2340 2017 .

515 2025 792 2154 pvrchmvt.
852 2021 937 2119 De
973 2023 1085 2119 foro
1120 2019 1320 2116 ibidem.
1358 2022 1425 2120 vi.
1460 2022 1662 2116 talenta.
2339 2028 2340 2083 ³

529 2171 535 2184 ·
631 2143 690 2238 In
724 2138 920 2238 Predel.
943 2141 1094 2234 xxiiii
1117 2137 1359 2234 beneficia
1392 2138 1603 2234 loluunt.
1625 2140 1723 2233 xxi.
1748 2136 1945 2236 solidos.
1970 2155 2032 2236 et.

512 2264 576 2474 vi.
611 2258 797 2473 solll‘lffs
832 2261 1097 2357 caleonnn.
1135 2253 1315 2354 Caseus
1357 2256 1548 2356 valens.
1589 2258 1639 2352 ii.
1682 2254 1928 2387 denarios.
1966 2271 2036 2356 et·

511 2413 576 2476 x.
648 2412 675 2474 a
768 2409 837 2474 as.
1023 2411 1026 2420 ·
1806 2449 1857 2472 ,,

608 2409 687 2590 *qn
719 2491 930 2590 Gnlllen
961 2509 1064 2588 tres
1091 2491 1391 2588 vlfchhvobe
1424 2491 1633 2588 loluunt„
1667 2492 1801 2590 xviii.
1833 2491 2032 2593 solidos.

510 2629 564 2710 et
585 2612 776 2708 habent
811 2642 894 2707 eas
925 2609 1208 2738 piscatores.
1241 2623 1294 2703 et
1322 2607 1509 2705 debent
1573 2611 1711 2706 ilcari
1735 2611 1953 2708 domino.
1981 2627 2034 2711 et

509 2731 693 2826 venari.
739 2743 790 2823 et
821 2725 1060 2824 custodire
1095 2726 1272 2824 Siluas.
1317 2741 1513 2822 etcum
1592 2758 1651 2824 ec
1688 2726 1899 2827 fecerint
1913 2761 2033 2826 non

507 2849 706 2945 loluunt
730 2845 1001 2942 denarium.
1468 2929 1472 2937 .

624 2966 836 3104 Piscatiq
861 2964 949 3103 illa
970 2961 1108 3103 aputl
1125 2961 1304 3061 Oelan.
1327 2991 1422 3092 que
1442 2979 1650 3100 vocatur
1668 2965 1731 3065 le.
1754 2979 1818 3065 et.
1841 2965 1890 3066 ii.
1915 2995 2029 3067 aree

505 3084 716 3181 lolnunt.
754 3078 1187 3205 xx1i11.denanos.
1584 3130 1588 3137 >
1688 3141 1691 3147 -

622 3204 680 3295 In
707 3198 1024 3321 Gerlwanch.
1047 3198 1078 3293 i.
1099 3199 1397 3303 beneficium
1418 3200 1577 3294 soluit.
1597 3196 1663 3295 lx.
1690 3196 1936 3297 denarios.
1975 3218 2029 3299 et

502 3321 556 3413 in
580 3308 737 3415 tribils
767 3314 897 3412 fellis
926 3317 975 3411 ii
1013 3318 1193 3419 caseos.
1229 3318 1361 3411 etin
1391 3312 1511 3412 fello
1535 3315 1866 3461 Mychahelis.
1893 3320 2027 3417 anse-

504 3466 612 3535 rem
646 3436 790 3531 etii.
825 3430 1004 3560 pullos,
1044 3435 1181 3530 etin
1218 3430 1548 3559 Carnilpriuio
1587 3435 1635 3531 1i.
1668 3434 1892 3561 gallinas.

499 3588 503 3595 ·
617 3554 676 3649 In
700 3552 983 3693 Heyperge.
1018 3554 1049 3649 i.
1081 3547 1377 3648 beneficium
1406 3549 1565 3646 soluit.
1595 3554 1661 3647 lx.
1689 3550 1934 3650 denarios.
1973 3573 2026 3657 et

389 3760 394 3769 .
499 3669 688 3769 weistd
717 3670 834 3766 ficut
863 3701 1089 3797 pnmum.
1149 3670 1276 3764 Item
1298 3662 1513 3784 ibidem.
1546 3671 1577 3764 i.
1611 3668 1905 3768 beneficium
1929 3673 2023 3770 sol·

498 3792 584 3885 uit.
613 3792 678 3885 vi.
708 3786 893 3885 solidos
926 3800 977 3881 et
1005 3782 1194 3883 weistld
1226 3784 1343 3880 licut
1372 3788 1553 3913 priora.
1626 3780 1829 3886 Ibidem.
1863 3793 1895 3885 i.
1930 3788 2018 3889 be·

497 3905 727 4003 neficium
759 3904 917 4000 lolnit.
952 3903 1015 3997 vi.
1049 3900 1235 3999 solidos
1266 3916 1317 3997 et
1345 3899 1534 3997 weisnd
1563 3902 1681 4000 ficut
1745 3908 1905 4032 riona,
1966 3922 1971 3952 ²

310 4092 314 4100 ,
615 4022 675 4119 ln
703 4022 888 4118 Walen
916 4050 1070 4117 vnum
1098 4016 1395 4116 beneficium
1416 4019 1562 4115 soluit
1583 4020 1704 4117 dimi
1742 4026 1839 4118 'um
1860 4026 2016 4123 talen·

495 4154 615 4239 t'um.
674 4138 829 4236 Aliud
851 4135 1146 4253 beneficium
1166 4136 1311 4233 soluit
1333 4139 1396 4262 iij.
1419 4134 1617 4234 solidos.
1676 4140 1905 4240 Tettium
1930 4142 2016 4240 be-

495 4258 724 4356 neficium
766 4254 922 4351 soluit.
965 4256 1063 4352 lxx.
1106 4253 1352 4350 denarios.
1396 4266 1449 4349 et
1481 4253 1667 4351 weil6d
1700 4256 1816 4354 ficut
1844 4259 1931 4355 illa
1959 4263 2015 4358 in

489 4378 770 4505 Hevperge.
839 4376 887 4469 A
924 4371 1009 4470 ud.
1030 4374 1160 4469 viam
1200 4369 1300 4467 duo
1330 4367 1571 4467 beneficia
1599 4373 1795 4471 loluunt
1823 4410 1869 4472 v.
1901 4378 2013 4474 loli·

403 4500 405 4504 ’
494 4495 602 4593 dos.
646 4509 698 4590 et
738 4406 923 4633 weistlfi
968 4490 1085 4587 ficut
1127 4491 1308 4629 priona.
1367 4490 1451 4627 An
1481 4487 1595 4625 dem
1624 4490 1783 4632 wider
1809 4494 2037 4613 wehlel.

443 4658 448 4663 ·
493 4642 646 4751 vnum
687 4608 982 4709 beneficium
1032 4607 1190 4705 lolu1t.
1237 4638 1306 4707 111.
1347 4602 1531 4731 solido-s
1575 4623 1627 4704 et
1666 4606 1853 4709 weilid
1893 4613 2010 4730 licut
2128 4721 2133 4733 ,

492 4759 674 4857 pnora.
1117 4752 1161 4769 ··
1499 4745 1502 4759 '
1889 4848 1949 4949 ln
