4717 6050
467 2624 703 2723 .Bo

231 2752 409 2800 ἱ.

541 402 742 552 ''as
1024 342 1682 555 bssuuonrur.

614 642 834 739 uerunt,
883 624 1007 722 Item
1043 621 1240 741 Eodem
1275 645 1422 727 anno.
1468 628 1717 727 otakarus
1753 654 1843 727 rex
1872 623 2130 783 Bobemie.

613 752 738 872 Dux
760 740 949 843 nuntie
974 744 1280 875 colloquium
1312 748 1365 842 in
1394 746 1555 844 Insula
1584 748 1669 845 sita
1700 743 1826 845 infra
1855 750 2129 881 Prespurcb

617 883 669 963 et
689 862 1024 963 Potenburch.
1052 894 1162 960 cum
1183 866 1406 996 Vngarie
1427 896 1480 961 re
1516 900 1544 963 e
1567 862 1825 994 Stephano
1847 866 2133 975 celebrauit,

617 981 811 1081 Ibidem
833 998 1124 1125 perpetuam
1149 988 1288 1118 pacis.
1302 897 1620 1121 'conc-orbim
1643 1001 1699 1085 et
1716 985 1946 1084 sinceram
1969 989 2131 1118 amici·

621 1104 746 1199 ciam
777 1099 964 1227 Sigillrs
996 1116 1047 1197 et
1070 1095 1358 1242 privilegiis
1376 1101 1645 1199 sub'sorma
1667 1104 1944 1200 luramenti
1966 1110 2134 1204 coram

621 1254 648 1317 e
686 1220 878 1345 i-scopis
919 1218 1122 1346 relatis.
1153 1217 1437 1343 baronibus.
1462 1252 1526 1318 ex
1547 1234 1756 1346 utraque¹
1778 1230 1910 1319 ‘arte
1934 1218 2136 1317 alfisten·

620 1354 660 1436 tr
695 1354 752 1432 us
787 1366 882 1431 con
916 1348 1156 1438 rmantes..
1204 1337 1355 1442 <Item
1376 1336 1571 1433 Eodem
1593 1368 1725 1435 anno
1800 1339 2137 1448 exoramus

621 1484 770 1572 manu
795 1451 960 1552 valida
983 1450 1296 1553 Kerinthiam
1320 1456 1534 1551 intrauit.
1566 1472 1619 1552 et
1643 1489 1752 1551 cum
1776 1489 1953 1597 magna
1975 1455 2140 1549 multi·

621 1570 795 1668 tudine
816 1575 1035 1686 virorum
1055 1586 1365 1669 armatorum.
1394 1574 1618 1669 ciuitates
1628 1574 1810 1699 jbidem
1824 1575 1990 1693 dictas.
2006 1571 2140 1700 Lay-

622 1689 765 1787 bach.
796 1688 1069 1786 Lantllroll
1102 1722 1165 1785 ex
1203 1692 1418 1818 ugnauit.
1450 1706 1502 1787 et
1519 1689 1816 1817 ibiquedam
1830 1693 2141 1789 municiones

547 1844 553 1857 ·
624 1806 805 1911 eisdem
829 1809 1109 1905 ciuitatibus
1134 1723 1418 1922 obiacentes
1442 1808 1528 1906 sbi
1549 1809 1747 1906 fuerunt
1769 1810 2012 1939 assignate.
2071 1807 2143 1903 Et

623 1922 1154 2138 susumus
1173 1911 2145 2144 {scriniaruusuum}

550 2238 557 2254 .
622 2159 786 2254 lenter
818 2159 1005 2257 violata
1035 2191 1173 2290 pace.
1209 2076 1335 2256 curli
1354 2144 1411 2257 L
1424 2156 1620 2257 milibus
1641 2077 1947 2290 wlgarorum
1973 2176 2024 2255 et
2046 2156 2143 2253 Co·

624 2290 896 2373 manorum.
916 2306 1065 2371 manu
1090 2267 1499 2373 valida'austria'm
1522 2282 1734 2375 intrauit.
1767 2294 1817 2374 et
1838 2278 2065 2373 abductis
2090 2290 2143 2370 et
2320 2375 2321 2392 Ν

495 2469 500 2479 .
624 2384 915 2491 intersectis.
938 2424 1021 2489 xx.
1034 2395 1237 2518 milibus
1252 2399 1485 2511 virorum.
1515 2397 1786 2492 mulierum
1808 2396 2142 2523 paruulorum.

626 2500 705 2607 Vn
741 2513 893 2609 ariam
926 2508 992 2607 est
1023 2514 1264 2632 reuersus,
1325 2516 1451 2614 Item
1484 2510 1678 2610 Eodem
1712 2545 1843 2612 anno
1876 2512 2140 2624 Rex'i‘e'ro

706 2542 868 2722 seroie
895 2658 984 2767 pre
1010 2629 1159 2722 nimia
1185 2632 1380 2759 h'yemis
1401 2633 1579 2728 senicia
1600 2628 1776 2726 adhec·
1789 2626 1942 2725 nichil
1964 2626 2146 2738 valens

625 2742 806 2839 facere.
836 2742 1037 2840 Distulit
1069 2743 1262 2866 bellum
1291 2751 1439 2875 vsque
1472 2749 1536 2842 ad
1568 2750 1842 2874 proximum
1870 2745 2024 2872 pasca.
2084 2744 2139 2838 ln

628 2858 802 2957 eadem
825 2892 946 2958 vero
972 2860 1170 2989 Hyeme
1191 2861 1404 3002 quedam
1420 2866 1625 2961 societas
1647 2862 1899 2970 nobilium.
1930 2875 2143 2992 quorum

628 2978 915 3104 capitaneus
949 2992 1055 3074 erat
1094 2974 1325 3108 Syfndus
1359 2982 1544 3079 Wehin
1580 2984 1709 3080 arius
1753 2977 2149 3106 consanguineus.

627 3095 962 3220 orphanorum
996 3097 1173 3199 volens
1201 3130 1291 3225 per
1311 3102 1536 3226 'rapinam
1611 3099 1829 3229 ngarlam
1852 3099 2046 3201 intrare.
2091 3107 2144 3189 et

618 3209 778 3423 stilus
816 3227 921 3308 erat
952 3215 1234 3316 maximum.
1275 3230 1463 3327 etcum
1486 3212 1920 3342 lacumtquendam
1944 3210 2140 3312 transire

626 3330 819 3428 velent
847 3331 1160 3456 coagulatum
1181 3363 1302 3439 vero
1365 3327 1609 3465 equorum
1631 3349 1707 3449 tot
1743 3333 2046 3457 uesvirorum]
2067 3361 2141 3424 ar·

626 3462 871 3550 matorum
911 3449 932 3569 (
945 3453 1120 3544 videtur
1153 3455 1292 3572 deeffie
1322 3451 1583 3576 pondere)
1617 3363 1877 3548 constane
1917 3446 2140 3549 submersi

626 3563 736 3659 sunt
765 3562 951 3658 ibidem
989 3561 1075 3691 qui
1107 3580 1249 3661 erant
1279 3571 1388 3690 noti
1421 3569 1675 3691 nobilium.
1698 3568 1763 3663 xl.
1795 3565 2002 3677 aliorum
2016 3591 2141 3673 vero

626 3677 829 3777 fortium
853 3697 1112 3776 numerato
1137 3685 1281 3778 ccccl·
1323 3686 1424 3805 (Ita
1455 3682 1639 3806 Codex.)
1897 3683 1907 3702 ⁹

725 3795 832 3892 Μ’.
845 3799 1028 3917 cclxxi.
1059 3795 1170 3896 Rex
1181 3799 1423 3898 Bohemie
1438 3804 1612 3896 multis
1651 3797 2148 3928 sincipibusinvnum

458 3947 461 3954 ’
629 3913 864 4010 collectis.
895 3915 1030 4008 inter·
1054 3947 1180 4042 quos
1211 3904 1317 4012 crai
1339 3915 1566 4022 Marchio
1646 3903 2058 4035 ePrawnsri'eich
2080 3931 2146 4010 ct·

581 4113 587 4120 .
627 4031 799 4126 Duces
823 4032 1035 4128 Polonie
1062 4047 1113 4128 et
1132 4033 1210 4157 alij
1234 4035 1560 4164 quamplures
1585 4053 1765 4131 etcum
1787 4035 2140 4164 maximamul·
2212 4133 2220 4142 ,

628 4147 837 4243 titudine
869 4164 1180 4244 armatorum.
1214 4151 1342 4250 benc
1375 4149 1453 4250 ad.
1485 4154 1627 4248 lxxx*
1648 4152 1793 4246 milia
1817 4153 2021 4251 mtrauit
2039 4152 2148 4258 Vn,

604 4267 809 4404 'gatiam
835 4279 989 4393 ponte
1015 4267 1347 4392 pulcherrimo
1374 4270 2065 4482 peruDanubiumAEreparato
2091 4280 2143 4363 et

595 4461 598 4465 .
628 4411 678 4506 1n
710 4413 867 4505 primo
893 4376 1036 4478 ibus
1058 4387 1188 4600 τεῇἱε
1209 4385 1444 4486 bohemie
1465 4388 1671 4517 ingressu
1694 4386 1769 4481 Po

629 4499 893 4623 vulgariter
960 4503 1102 4596 icitur

628 4615 890 4712 factumest
910 4617 1037 4713 infra
1059 4620 1198 4717 Hora
1257 4625 1379 4723 rnn'a
1401 4629 1452 4719 et
1475 4625 1639 4720 tercia.
1750 4655 1812 4720 ex
1831 4623 2137 4736 veroBohc·
2222 4633 2227 4640 ’

628 4735 738 4838 mie.
776 4732 922 4832 Ciues
956 4653 1427 4876 Wicnnenssis'cum
1448 4741 1585 4850 mille
1619 4755 1670 4870 et
1693 4743 1972 4876 quingentis
1999 4745 2139 4878 equis

1970 4893 2080 4988 pre·

1824 4419 1971 4482 mum.
2001 4384 2141 4514 quod-

1158 4503 1398 4643 respurch.
1419 4521 1653 4633 potenter
1666 4537 1726 4600 ex
1764 4505 1978 4634 ugnauit,
2002 4499 2139 4632 quod
2313 4569 2321 4582 ·
