4717 6050
783 462 1278 628 oriscvra,
1478 487 1480 492 ’
1663 458 1809 655 ,5³⁶

17 717 23 866 J
100 780 134 791 „
271 718 440 835 tamen
464 760 635 833 omnes
655 730 740 829 sub
763 734 946 835 tributo
967 712 1284 829 romanorum
1304 731 1515 831 fuerunt
1549 734 1663 829 ficut
1682 739 1788 831 tot'a

17 2706 21 2719 .
147 2632 149 2635 ’
268 2614 506 2755 Πὶἃζῒγῒίο
529 2626 843 2718 coronatur.¹
906 2614 1020 2742 Post
1048 2614 1467 2752 passionemvero
1498 2617 1631 2725 beati
1656 2616 1804 2826 &ui-³

276 857 528 987 germania
563 866 612 947 et
635 882 808 983 omnes
833 852 980 981 gallie
1012 854 1244 978 regiones
1275 857 1507 981 proprios
1537 856 1788 979 principes
1829 911 1832 916 ·

272 1002 376 1069 non
409 968 663 1071 habentes.
707 970 862 1065 solum
891 1000 1126 1064 romanos
1170 986 1223 1084 et
1251 972 1585 1099 prouinciales
1619 971 1786 1065 consu·
1884 1060 1917 1093 ἱ,
2092 1084 2102 1093 ‚

273 1090 350 1187 les
377 1076 611 1183 tributum
634 1086 884 1193 soluentes
917 1085 1111 1183 eisdem.
1143 1119 1235 1213 pro
1266 1084 1465 1217 regibus
1494 1088 1786 1184 habuerunt.

270 1224 321 1305 et
343 1206 401 1303 fic
424 1204 918 1304 secundasoiucione.
949 1204 1206 1301 soluuntur
1237 1204 1333 1301 due
1359 1209 1555 1333 relique
1582 1204 1786 1331 questio·
1907 1284 1911 1293 .

271 1356 375 1422 nes,
444 1328 534 1443 Qui
563 1358 666 1417 vero
675 1326 916 1447 studiosior
932 1331 1057 1451 stite
1080 1361 1133 1422 cu
1163 1330 1201 1418 it
1221 1328 1510 1449 hathulogum
1531 1327 1684 1418 dacum
1709 1360 1785 1417 au·

256 1444 376 1568 strie
396 1447 924 1579 aliaspoteririrrvenire.
1013 1440 1090 1538 Po
1126 1456 1177 1537 et
1220 1445 1395 1539 eciam.
1418 1443 1608 1568 opponi
1650 1438 1788 1565 quod

269 1560 623 1686 patrimonium
656 1560 933 1655 sanctorum
965 1560 1245 1697 principum
1277 1559 1498 1656 duorum·
1518 1560 1786 1687 phylippo}
1942 1631 1979 1658 ,-

271 1704 378 1769 rum
414 1675 731 1801 augustorum
765 1694 816 1773 et
839 1679 991 1773 saneti
1016 1676 1212 1797 Quirini
1244 1677 1378 1805 quod
1407 1678 1572 1773 sancte
1597 1676 1785 1773 laurea·
1887 1736 1893 1747 -
2026 1697 2029 1704 ’

271 1790 397 1887 censr
421 1788 618 1896 ecclesre
641 1792 954 1891 donauerunt
973 1794 1123 1888 fuerit
1145 1798 1301 1891 eciam
1322 1796 1406 1891 sub
1428 1797 1642 1891 tributo.
1688 1794 1786 1893 Re·

250 1907 539 2037 ‚spondetur
581 1909 716 2038 quod
758 1944 875 2008 non.
919 1916 1030 2041 quia
1073 1908 1226 2039 statim
1255 1913 1330 2006 illi
1358 1915 1657 2040 patrimonio
1693 1912 1786 2009 srue

307 2030 426 2121 atrie
455 2026 634 2125 beatus
657 2030 895 2151 Quirinus
928 2028 1127 2123 consors
1154 2028 1461 2157 augustorum
1484 2029 1800 2127 eorumdem..

267 2058 363 2239 Erit
403 2148 455 2239 in
499 2144 809 2244 defensorem
851 2144 947 2240 bue
989 2146 1249 2270 patricium
1290 2144 1571 2271 deputatus.
1624 2144 1801 2240 donee·

246 2258 587 2387 ‚dyocliciano
629 2262 874 2388 suspectus
907 2294 970 2357 ex
1001 2295 1061 2360 eo
1107 2260 1242 2391 quod
1273 2260 1366 2359 fuit
1395 2264 1548 2360 frater
1578 2278 1628 2357 et
1658 2263 1801 2359 filius-

268 2371 576 2501 augustorum
608 2379 861 2475 occasione
892 2378 1143 2477 katholico
1175 2376 1302 2475 fidei.
1346 2399 1396 2476 et
1415 2380 1551 2510 quod
1571 2380 1802 2520 fuitoepiv

268 2490 446 2619 scopus
477 2510 535 2589 vt-
562 2494 778 2591 creditur
806 2496 1141 2593 laureacensis.
1183 2498 1245 2593 ab
1277 2497 1469 2594 eodem
1489 2496 1803 2601 diocliciano·
1864 2511 1868 2516 '
1949 2603 1952 2612 ἢ
1987 2582 1994 2595 .

268 2730 363 2820 rinr
418 2730 502 2851 qui
553 2724 859 2823 successerint
914 2728 1076 2825 eidem
1117 2763 1169 2824 1n
1212 2734 1570 2854 patriarchatus
1622 2764 1652 2827 o
1690 2736 1801 2825 icio»

269 2845 286 2937 i
318 2859 534 2936 noratur.
570 2876 686 2961 ‚cum
709 2846 1084 2969 persecuciones
1111 2849 1503 2957 christianorum..
1520 2866 1572 2944 et
1592 2850 1804 2944 subuer··

300 2986 423 3055 ones
465 2960 773 3058 ecclefiarum
814 2962 1060 3082 vastiffime
1102 2962 1304 3065 fuerint.
1345 2982 1396 3082 ct
1427 2966 1626 3064 diuersa·
1657 2970 1802 3063 exci-
1892 2997 1898 3007 ¹

267 3076 349 3172 dia
399 3073 733 3202 barbarorum.
832 3081 1049 3177 Primum
1099 3092 1329 3208 goto‘rum
1383 3103 1449 3180 et⁴
1484 3083 1813 3214 gepidarum„

269 3191 451 3290 deinde
492 3197 738 3290 hunorum
783 3213 834 3295 et
876 3201 1134 3294 alanorum
1221 3194 1490 3299 ostmodum
1532 3201 1785 3300 wandalo·
1874 3264 1878 3280 ·

268 3339 377 3422 rum
433 3325 484 3403 et
526 3313 843 3409 Heruiorum.
901 3345 957 3406 ac
1007 3315 1113 3438 post
1159 3233 1297 3410 iiios'
1324 3350 1787 3435 marcomannorum
1919 3313 1940 3331 ⁹

268 3427 312 3522 a'
390 3429 547 3522 eciam
603 3425 868 3530 vindorum
916 3432 977 3522 ,in
1029 3427 1125 3523 sine
1179 3432 1502 3556 pessnnorum*
1539 3437 1800 3564 hungaro·
1896 3510 1899 3514 ι

265 3575 321 3662 ru
374 3618 385 3638 .
441 3545 618 3672 quibus
648 3547 831 3640 misera
871 3547 1029 3672 patria
1068 3549 1169 3644 imo
1211 3566 1317 3646 tota
1359 3582 1479 3646 euro
1516 3585 1546 3646 a
1586 3551 1785 3651 diuersis

267 3665 570 3788 temporibus
603 3662 940 3759 miserabiliter
972 3663 1037 3760 est
1067 3667 1305 3764 concussa.
1343 3668 1460 3764 sicut
1481 3581 1584 3766 iaec
1619 3673 1787 3768 omnia

266 3779 492 3902 hystoriis
533 3779 742 3906 ipsarum
771 3784 991 3906 gentium
1030 3779 1366 3882 declarantur..
1403 3861 1413 3868 -
1456 3785 1802 3912 Etsciredcr

211 3979 218 3996 .
264 3895 352 3991 bet
385 3897 729 3995 omnishomo
781 3899 920 4112 puod
961 3900 1224 4028 katalogus
1264 3889 1787 4029 ecclesie-laureacen-
1859 3912 1862 3917 ’
1919 3957 1922 3961 ·

266 4013 334 4108 srs.
370 4029 422 4108 et
452 4043 623 4142 regum
654 4015 748 4111 srue
817 4047 961 4116 ucum
992 4016 1208 4116 bawarie
1235 4025 1508 4133 correctius
1535 4042 1586 4120 et
1609 4025 1787 4121 meiius

263 4161 368 4226 non
447 4131 569 4226 otest
612 4132 674 4226 ab
719 4135 886 4262 aliquo
929 4140 1171 4232 annotari.
1243 4136 1437 4236 Multis.
1466 4145 1787 4239 enimannis

264 4279 354 4372 per
399 4161 618 4356 ‹iiuersos
661 4248 932 4378 hystoricos
978 4268 1030 4346 et
1056 4253 1247 4352 infinita
1275 4257 1535 4398 priuilegia
1567 4256 1786 4398 ecclesia·

264 4392 373 4458 rum
405 4366 470 4461 est
500 4366 781 4462 laboratum
823 4383 877 4463 vt
906 4369 1081 4466 melius
1110 4374 1270 4496 posset
1297 4376 1486 4472 habere
1521 4379 1678 4473 minui
1704 4375 1787 4473 vel
1934 4471 1938 4476 .
2040 4389 2059 4468 .’

263 4485 445 4608 augeri.
503 4484 599 4578 sed.
630 4489 839 4582 veritate
883 4483 1136 4584 swadentc
1176 4523 1282 4588 non
1324 4497 1489 4619 potuit
1528 4498 1790 4590 immutari.

264 4600 351 4692 Set
381 4600 410 4693 u
448 4599 615 4726 aliquo
647 4617 872 4732 tempore
916 4604 1050 4700 aliud
1080 4610 1132 4702 in
1163 4611 1460 4705 contrarium
1492 4645 1554 4738 ap
1592 4615 1785 4708 aruerit.

261 4715 514 4841 possumus
559 4717 726 4816 dicere·
770 4753 855 4818 ore
896 4721 1064 4848 pleno.
1115 4727 1252 4866 quod
1294 4728 1348 4822 srt
1389 4733 1554 4869 apocr?
1583 4761 1661 4824 um
1705 4729 1788 4824 vel

122 4891 126 4898 .
257 4829 474 4929 mendair
501 4836 770 4964 scriptura.
844 4839 913 4936 Et
940 4871 1005 4936 ne
1036 4861 1203 4943 vemat
1231 4847 1284 4943 in
1312 4833 1517 4945 dubium
1554 4849 1802 4975 patrimo·¹

327 4959 417 5049 Vol.
452 4959 522 5050 II.
1008 4959 1054 5054 Y
1072 4993 1114 5084 y
1423 4985 1443 5106 Ἰ
1590 4966 1728 5058 nium
1832 5093 1836 5102 Ι
