4717 6050
762 460 1403 590 cunonnusrnrnu
1705 492 1782 562 ,75
1856 428 1894 582 J
1982 574 1989 587 .

321 667 576 793 campanis
594 664 813 791 pullatis.
830 692 924 759 nec
946 662 1088 770 mlssis
1113 663 1289 759 Dictis.
1310 663 1431 760 fere.
1452 685 1578 761 xxx*
1598 665 1838 761 ebdomas·-

147 778 153 793 ⁸
203 806 207 811 '
319 785 481 880 dibus.
498 789 551 880 in
563 783 752 879 feretro
768 784 1093 881 conseruntur.
1152 780 1354 877 Deinde
1370 781 1641 878 Venientes
1654 782 1835 880 luiBo·

319 902 467 1007 hemi
508 915 801 1039 receperunt
838 929 950 993 eum
986 914 1038 991 et
1070 892 1429 1025 allignauerunt
1458 931 1572 994 cum
1600 899 1836 995 fratribus-

319 1020 590 1114 minoribus
623 1049 677 1113 ru
706 1019 950 1142 Znoyma.
989 1016 1155 1138 ibique
1188 1019 1317 1113 iacet
1339 1018 1655 1112 intumulatus
1679 1019 1828 1142 usque

228 1227 233 1237 .
318 1138 370 1231 in
391 1134 697 1242 ,hodiernum
734 1134 902 1227 Diem.
928 1134 1193 1255 ,etmerito
1217 1134 1408 1228 Diuino
1436 1149 1675 1260 operante
1700 1133 1829 1227 Iudi·

318 1255 426 1366 cio,
455 1267 508 1346 et
531 1254 624 1374 (ut)
648 1251 733 1375 qui
753 1251 880 1344 alios
901 1247 1095 1343 occidit.
1116 1246 1478 1371 eccleliasticam
1500 1282 1595 1377 que
1619 1251 1844 1377 sepultu-

315 1400 420 1465 ram
442 1371 655 1494 negauit.
676 1368 777 1493 iple
801 1367 1032 1491 puniatur
1054 1367 1105 1458 in
1132 1366 1319 1464 eadem.
1399 1367 1521 1461 Dux
1553 1368 1834 1463 brabancie.

222 1548 233 1561 1-
319 1503 371 1593 et
405 1488 541 1580 locer
571 1485 681 1580 suus
718 1480 1164 1593 comeeFlandrie
1193 1499 1245 1600 et
1268 1482 1369 1604 alij..
1386 1515 1466 1579 xx.
1491 1482 1831 1580 Denominati.

318 1617 369 1699 et
392 1604 556 1729 magni
579 1604 785 1697 comites
809 1630 1037 1724 magnum
1063 1616 1114 1694 et
1137 1601 1556 1698 innumerabilem
1577 1634 1633 1695 ac
1657 1602 1841 1697 nostris:

313 1719 620 1844 temporibus
640 1715 939 1813 inauditum.
970 1715 1264 1843 colligentes
1288 1721 1571 1813 exercitum.
1592 1718 1708 1813 ficut
1726 1721 1840 1845 regi·

313 1834 653 1930 Romanorum
676 1838 726 1929 in
752 1835 929 1933 litteris
966 1864 1087 1957 quas
1111 1832 1323 1957 vidimus
1349 1850 1401 1927 et
1435 1835 1514 1930 ali'
1537 1837 1704 1963 plures
1726 1836 1832 1929 De-

312 1950 597 2047 mandatum
621 1952 714 2047 fuit
735 1948 1039 2047 Duodecies.
1072 1966 1269 2045 centum
1296 1951 1431 2045 milia
1455 1870 1602 2077 nique
1630 1942 1694 2045 ad
1716 1954 1830 2046 ciui-

311 2084 463 2165 tatem
486 2070 772 2195 aquisgrani.
796 2082 846 2159 et
867 2065 928 2159 ad
942 2079 1108 2203 partes
1124 2066 1323 2191 colonie
1344 2084 1695 2190 pervenerunt
1733 2069 1832 2163 Sed
1888 2137 1893 2142 -

312 2187 481 2281 nullus
512 2190 759 2284 intereos
788 2181 872 2275 nilr
903 2214 990 2275 vrx
1049 2197 1226 2279 uatuor
1244 2183 1342 2275 uiri·
1364 2185 1634 2307 procellunt
1659 2214 1832 2277 eorum

313 2303 593 2513 agnoscere
610 2312 900 2426 potuerunt.
936 2214 1092 2391 nicbil
1127 2300 1284 2393 eciam
1316 2315 1540 2424 egerunt.
1571 2316 1623 2395 et
1647 2300 1705 2395 lrc
1730 2300 1834 2395 line

314 2448 344 2511 a

312 2532 602 2633 Notandum
624 2536 771 2627 etiam
793 2534 921 2624 inter
943 2547 1120 2627 cetera.
1153 2563 1254 2658 quo
1312 2532 1506 2628 curialis
1529 2535 1826 2630 etmirabilis

313 2653 446 2747 caius
480 2652 696 2743 Wienne
728 2646 909 2741 accidit
949 2662 1001 2740 et
1031 2651 1261 2772 quamuis.
1290 2646 1344 2741 lit
1377 2648 1473 2741 line
1497 2650 1732 2747 utilitate
1758 2665 1829 2745 ta·

312 2797 428 2862 men
452 2796 545 2892 pro
560 2765 832 2857 curialitate
859 2778 909 2856 et
931 2762 1269 2857 inconsuetum
1297 2763 1389 2858 elle
1448 2768 1661 2861 onimus.
1720 2768 1829 2861 Do·
2003 2794 2008 2801 ·

308 2886 471 2978 minus
495 2878 626 2995 enim
653 2882 779 2975 Otto
802 2879 884 2972 De
908 2878 1127 2975 Hailaw.
1158 2797 1479 3009 ministerialis
1511 2882 1701 2979 austrie.
1729 2886 1828 2978 iam
1960 2882 1964 2891 ’

311 3002 621 3095 centenarius
649 3014 700 3094 et
722 2998 853 3094 vltra
877 3029 987 3092 cum
1011 2996 1116 3094 filio.
1135 3030 1293 3125 prone
1332 2999 1396 3094 tis
1431 3000 1725 3127 (pronepotis)
1759 3002 1831 3096 lui

230 3215 235 3223 ,
309 3119 539 3243 Hugone.
568 3117 723 3210 Dicto
755 3113 932 3208 Tuers.
965 3118 1050 3237 qui
1075 3117 1255 3211 eodem
1332 3119 1378 3211 ie
1412 3150 1579 3244 aroge
1602 3149 1828 3214 romano·

307 3265 414 3370 rum
441 3236 690 3350 aecinctus
716 3229 781 3326 est
804 3229 986 3355 gladio.
1016 3231 1351 3328 Hallaludium
1379 3235 1650 3332 honorilice
1690 3267 1832 3331 exer·

309 3365 427 3448 curt.
1371 3443 1374 3451 .

457 3467 545 3562 Mt
561 3465 781 3560 cclxxix.
822 3461 1073 3562 Dominus
1105 3464 1373 3594 Philippus
1402 3467 1665 3594 apostolice
1700 3467 1831 3565 ledis

308 3585 515 3714 legatus„
539 3585 805 3710 Vngariam
833 3588 983 3680 venit.
1016 3583 1240 3712 Vngaros
1265 3585 1558 3683 christianos.
1592 3588 1676 3714 qui
1704 3586 1833 3713 chri·

309 3701 506 3798 dianam
529 3703 683 3810 vitam
708 3700 809 3795 lere
834 3701 977 3796 obliti
1001 3700 1211 3822 lucrant.
1241 3719 1291 3798 et
1312 3703 1561 3798 Cumanos
1597 3704 1659 3797 ad
1680 3702 1832 3796 fidem

309 3817 609 3914 katholicam
644 3817 820 3912 studuit
851 3849 1101 3914 reuocare.
1132 3818 1234 3914 Sed
1259 3819 1511 3916 Ladillaus
1545 3853 1633 3914 rex
1657 3824 1830 3915 eorum

306 3968 404 4030 una
431 3965 545 4028 cum:
565 3935 674 4059 iplrs
697 3937 908 4060 paganis·
936 3951 990 4034 et
1010 3937 1217 4064 Vngaris
1249 3938 1344 4034 luis
1375 3939 1503 4035 lanis
1529 3940 1730 4032 monitis
1758 3935 1832 4030 le·
1904 3977 1912 3989 ·

298 4055 409 4181 'gati
430 4052 698 4174 noluerunt
719 4050 940 4147 obedire.
1693 4158 1696 4162 ,

454 4167 763 4264 M⁰.eu.lxxx.
795 4169 1042 4266 Saturnus.
1089 4165 1517 4299 lanetaapparuit.
1540 4173 1639 4289 iiis.
1657 4168 1831 4300 lralen·

184 4351 187 4356 ,
307 4284 396 4380 das
417 4284 620 4407 febuarij
646 4285 708 4379 ab
729 4285 1001 4382 horanona
1024 4201 1087 4384 ui
1112 4321 1183 4384 ue
1198 4290 1274 4384 ad,
1296 4293 1403 4413 xjffm·
1417 4291 1589 4385 horam
1612 4289 1731 4384 Diei
1755 4317 1831 4383 ar·

306 4401 528 4538 tificialie.
609 4403 863 4498 Dominus
883 4397 1067 4502 Petrus
1077 4320 1384 4504 (i'atauienfis
1415 4408 1671 4532 eilcopus
1695 4403 1833 4526 obijt.

305 4517 532 4611 kalende
573 4519 712 4645 May.
773 4520 1027 4618 Dominus
1058 4523 1392 4621 Weichardus
1444 4522 1735 4617 ubstituitur.
1778 4536 1830 4617 et

283 4634 556 4730 Dominus
580 4635 870 4734 Chunradus
893 4639 991 4734 Hin
1033 4644 1257 4767 ergerius·
1276 4643 1328 4736 in
1354 4643 1517 4768 epilco
1557 4671 1638 4732 um
1662 4637 1829 4764 bee·

304 4751 520 4850 mensem
534 4753 740 4881 eligitur.
774 4758 857 4884 qui
879 4671 1029 4855 fimui
1428 4761 1438 4781 '
1511 4674 1553 4856 i
1695 4872 1704 4890 ‚

1023 4877 1145 4980 Mm
1174 4907 1209 4978 u
1602 4870 1772 4972 llohce

364 2422 482 2542 iquo
513 2416 609 2509 line
643 2432 776 2511 certe
801 2415 1164 2510 Determinato.
1198 2415 1260 2508 ad
1321 2419 1485 2539 ropria
1510 2417 1618 2512 lunt
1639 2416 1834 2512 reuerlr.
1969 2504 1973 2511 ,

1038 4759 1101 4854 ab
1126 4759 1359 4886 episcopo
1379 4775 1510 4886 tupo
1549 4773 1682 4852 tano.
1704 4784 1829 4877 apo·
1988 4877 1996 4892 Ι
