4717 6050
400 558 407 568 -
577 465 985 599 euuou‘rcou
1017 450 1569 635 cururraurusjr„
1612 525 1750 619 vm
1843 645 1845 656 Ι

498 848 502 855 ,
603 762 1077 853 BERNARDi
1153 765 1480 849 NORICI

84 1202 94 1217 a
227 1076 302 1133 ν
401 1048 1668 1231 j'uuuu-urcoucueuruaueusu

779 1384 809 1399 ..
938 1392 1115 1437 NJ,

569 1698 704 1803 Hic
762 1696 1057 1831 incipit
1114 1703 1513 1835 prologus.
1646 1783 1648 1786 .

283 2040 494 2331 Cum
525 2128 723 2223 ecclelia
747 2046 1246 2225 Chremsmuniirenfis
1271 2156 1302 2223 a
1324 2121 1529 2224 domino
1549 2119 1802 2226 Taffilone
1843 2129 1848 2139 ’
1886 2077 1893 2084 .

274 2290 286 2339 .·
471 2244 639 2339 illustri
664 2244 1122 2371 principessabarie
1156 2246 1211 2341 stt
1234 2242 1466 2361 fundata.
1516 2276 1545 2339 a
1575 2244 1669 2341 suis
1698 2247 1800 2343 suc·

283 2360 544 2461 cefforibus
564 2360 817 2487 magnifice
844 2362 1112 2481 sublimata.
1142 2393 1237 2458 nec
1252 2360 1374 2458 uon.
1389 2360 1440 2459 et
1460 2394 1488 2458 a
1507 2361 1799 2458 venerabili·

284 2482 376 2578 bus
399 2484 563 2574 sancte
585 2479 905 2575 laureacenfis
932 2480 1130 2576 ecclefie
1161 2478 1479 2607 pontificibus
1500 2481 1801 2605 gubernata,

281 2618 438 2724 apere
462 2596 681 2721 precium
702 2594 903 2693 reor'de
927 2596 1200 2692 eorundem
1220 2598 1445 2693 locorum
1472 2596 1714 2721 episcopis
1747 2610 1801 2697 et

280 2713 489 2811 ducibus
513 2744 568 2807 ac
588 2710 746 2806 nostre
770 2714 967 2808 ecclefie
1002 2712 1263 2808 abbatibus
1291 2713 1429 2841 quod
1458 2715 1698 2808 memoria
1727 2713 1798 2810 di·

91 2892 95 2901 -
277 2860 430 2972 gnum
443 2828 696 2956 gesserunt.
723 2832 804 2924 vel
830 2861 926 2955 que
949 2830 1043 2934 suis
1057 2831 1366 2956 temporibus
1390 2861 1420 2924 a
1443 2833 1661 2932 romanis
1672 2861 1798 2970 pun·

275 2948 488 3046 trucibus
517 2960 568 3041 et
591 2976 643 3040 re
681 2944 786 3042 'bus
818 2948 925 3042 sunt
954 2960 1146 3084 patrata
1172 2962 1323 3071 provt
1350 2944 1565 3043 'nostram
1597 2976 1797 3072 prourn·

181 3085 192 3098 ’
279 3069 407 3164 uiam
438 3079 522 3160 aut
554 3095 638 3158 ecc
663 3063 776 3157 esras
810 3066 1109 3188 respicrunt‚,
1130 3063 1287 3160 literis
1321 3061 1712 3162 commendarei
1748 3067 1799 3162 so

284 3182 459 3280 ordine
481 3195 535 3272 ut
547 3180 744 3304 plenius
766 3181 911 3273 valeo
938 3179 1198 3274 obseruata
1256 3211 1371 3274 uem
1393 3095 1800 3304 meinprioribus

278 3299 483 3396 memini
542 3293 775 3388 romisrise.
824 3295 1006 3394 Verum
1031 3296 1145 3418 quia
1168 3295 1250 3389 nic
1286 3293 1322 3388 il
1344 3299 1397 3389 in
1417 3295 1645 3391 humanis
1665 3295 1803 3392 adin·

282 3327 601 3515 ventionibus
629 3406 904 3536 perfectum
939 3409 1029 3505 eise
1090 3409 1237 3528 otest,
1267 3411 1420 3544 fiquid
1443 3413 1605 3508 minus
1630 3410 1801 3510 fecero

284 3547 370 3632 aut
394 3531 690 3668 ultraquam
728 3527 890 3624 debeo
923 3529 1006 3624 vel
1053 3527 1229 3624 orfitan
1252 3558 1495 3652 errauero
1533 3528 1669 3657 qvod
1696 3560 1803 3625 non

281 3651 461 3779 spero,
493 3646 719 3772 dihgenti
762 3643 983 3744 adhibita
1013 3647 1252 3742 caucione
1290 3647 1533 3742 verriana
1566 3660 1802 3772 negetur,
1943 3751 1949 3758 ‚

283 3793 394 3864 cum
431 3763 800 3866 avetuttiffimis
837 3763 1198 3890 exemplaribus
1232 3761 1481 3860 adiuerlis
1515 3764 1802 3891 collegerim
1870 3791 1901 3857 .·

317 3918 379 3980 ue
405 3882 872 4006 scribereeogitaui,
902 3881 1022 3978 licet
1045 3881 1111 3977 ad
1144 3886 1431 4009 omniaque
1464 3882 1605 3976 volui
1638 3883 1815 3974 exem-⁶

122 4009 126 4022 '
278 4004 437 4130 paria
467 4000 854 4138 non-potuerim
888 4001 1178 4126 peruenire,
1208 3999 1340 4096 vnde
1374 4014 1425 4094 et
1454 3998 1615 4123 spacia
1647 4025 1803 4092 vacua

283 4120 529 4216 reieruaui
554 4147 681 4212 cuca
705 4115 806 4240 ipsa
827 4115 1131 4256 iugulorum.
1166 4117 1350 4215 Omiffo
1373 4131 1538 4211 autem
1559 4143 1659 4242 quo
1681 4127 1804 4209 tem·

282 4269 405 4364 pore
427 4235 686 4364 prouincia
710 4231 909 4328 babarre
932 4233 1019 4334 vel
1044 4235 1243 4330 ecclelia
1261 4232 1581 4330 laureacenlis
1595 4229 1814 4326 [iterun.
1960 4291 1965 4298 -

283 4369 362 4492 ta,
394 4370 477 4447 aut
536 4383 589 4490 er
610 4380 756 4478 quem
778 4349 1054 4490 spetialiter
1082 4351 1394 4494 fitconueria
1430 4348 1495 4446 ad
1526 4345 1699 4456 fidem,
1730 4347 1802 4443 di·
1927 4429 1934 4440 .

173 4622 185 4653 ι
655 4467 792 4680 m
805 4497 967 4682 m
981 4463 1801 4714 a„

169 4807 176 4820 ‚,
280 4587 742 4844 bitetriirsobinbiaovgl
762 4705 927 4829 potius
939 4602 1085 4845 {bgio
1101 4617 1294 4846 Europe
1318 4703 1576 4831 primaeui
1598 4703 1802 4796 coniun-

284 4823 415 4950 gitur
437 4851 690 4992 germaura
724 4853 820 4951 que
846 4836 1078 5039 contlr3nbess
1098 4851 1324 5070 {orreum
1358 4836 1413 4921 vt
1445 4820 1566 4918 alias
1599 4817 1800 5028 plgrgius
