4717 6050
688 389 767 462 474
879 429 882 434 .
1041 271 1817 494 xunscnurrourur

536 577 542 586 '
622 565 808 674 dinatis
840 561 1079 688 episcopis
1109 561 1662 657 inferiorisPannoniae
1692 579 1744 658 et
1767 561 1975 661 decimis
1995 547 2142 666 colla-³

625 692 716 797 tis,
748 683 1023 790 etcaeteris
1060 679 1335 796 redditibus
1371 679 1571 808 prouisis
1597 682 1844 806 episcopis.
1871 686 2020 778 etiam
2051 721 2125 812 per

626 801 789 898 sedem
823 797 1108 924 apostoliam
1138 799 1231 892 hac
1265 799 1456 892 ratione
1490 797 1715 922 specialis
1742 801 2124 927 Metropolitoin

596 949 782 1046 regno
855 917 1051 1010 raelatus
1094 915 1186 1030 est,
1227 913 1329 1010 Sed
1364 915 1617 1126 Stephano
1650 947 1769 1042 rege
1803 920 1957 1014 Anno
1991 917 2126 1016 domi·

627 1039 680 1132 ni
715 1035 823 1130 MX
876 1033 1223 1128 XVlsl.'viam
1262 1035 1436 1127 vniuer
1455 1065 1498 1126 ae
1536 1037 1696 1128 carnis
1732 1037 2126 1131 transeunte·Gi·
2191 1036 2197 1054 ’

627 1153 729 1256 sela
760 1155 808 1247 se
842 1151 903 1246 ad
940 1150 1195 1249 Patauiam
1228 1149 1460 1264 transfert
1493 1149 1716 1266 habitum
1751 1153 2041 1248 ancillarum
2067 1159 2124 1248 in·

628 1271 701 1372 ibi
725 1268 1009 1395 degentium
1031 1266 1193 1362 induit
1225 1299 1392 1362 earum
1432 1299 1492 1362 ue
1527 1266 1778 1363 Abbatissa
1809 1274 2016 1364 moritur
2044 1275 2127 1364 An·

629 1419 699 1484 no
743 1385 931 1480 domini
968 1383 1178 1480 MXCV.
1224 1415 1384 1480 nonas
1486 1387 1545 1506 aij
1592 1400 1646 1481 vt
1667 1384 1830 1482 'hodie
1867 1387 2127 1482 videturin

629 1503 901 1630 Epitaphio
926 1504 1031 1596 eius
1055 1501 1102 1596 se
1143 1502 1300 1596 ulchri
1322 1501 1521 1596 ibidem.
1613 1501 1699 1600 Iste
1716 1502 2013 1609 Christianus
2024 1534 2126 1628 pro·

628 1624 715 1720 dia
751 1617 978 1748 quaedam
1009 1621 1059 1712 in
1089 1533 1397 1716 sseuenbach
1430 1619 1702 1736 monasterii
1734 1618 2126 1717 Crembsmunsier

632 1739 829 1837 duobus
872 1735 1132 1832 comitibus
1183 1735 1487 1862 Berengario
1529 1751 1582 1834 et
1614 1740 1692 1839 En
1727 1738 1923 1838 elberto
1963 1741 2014 1833 in
2040 1737 2123 1832 seu·

632 1855 753 1982 dum
793 1854 1040 1967 contulit,
1083 1871 1335 1950 annuente
1375 1853 1671 1981 Leopoldo¹
1748 1857 1986 1950 archione
2024 1884 2126 1982 prn-

633 1973 848 2070 tendens
895 1969 1239 2066 monasterium
1273 1973 1343 2065 sui
1383 1973 1501 2067 iuris
1543 1988 1595 2066 et
1626 1975 1998 2097 incorporatum
2026 1973 2123 2088 esse,

632 2124 746 2220 quae
782 2105 950 2184 tamen
985 2087 1150 2211 postea
1184 2089 1429 2186 Henricus
1461 2091 1737 2216 Imperator
1765 2092 1943 2187 tertius
1987 2089 2122 2186 eidem

633 2205 926 2304 monasterio
959 2205 1174 2302 restituit
1824 2227 1828 2232 ’
1956 2234 1962 2242 ·
2234 2305 2235 2308 ¹

680 2393 685 2398 -
752 2323 1063 2450 Berengerus
1106 2323 1365 2449 episcopus
1408 2322 1532 2419 sedit
1571 2308 1979 2420 Patauiae'annis
2014 2325 2123 2418 xxiii.

630 2444 831 2540 ‘similter
872 2441 968 2538 sine
1035 2439 1154 2537 allio
1196 2444 1329 2566 cepit
1368 2441 1519 2543 Anno
1551 2440 1742 2536 domini
1773 2441 1962 2538 MXHI.
2043 2441 2123 2535 Hic
2234 2487 2235 2498 κ

633 2560 853 2658 obtinuit
882 2473 1194 2772 priuffefigium
1224 2559 1367 2682 snper
1397 2560 1601 2654 decimis
1633 2559 1867 2658 omnibus
1897 2562 1948 2654 in
1973 2561 2121 2656 Orien·

635 2678 724 2774 tali
763 2681 1021 2802 prourncia
1082 2681 1228 2771 tuatis
1260 2679 1312 2780 in
1341 2675 1731 2802 Septentrionali
1760 2693 1904 2803 parte
1939 2676 2120 2772 fluminis
2233 2680 2235 2697 '

634 2795 852 2912 Danubij
879 2797 939 2889 ab
966 2797 1269 2932 imperatore
1292 2792 1526 2889 Conrado
1550 2793 1809 2891 successore
1839 2797 1990 2890 sancti
2010 2794 2119 2890 Hen-

633 2915 724 3008 rici
740 2914 895 3005 'Anno
917 2913 1022 3004 eius
1043 2914 1087 3033 rj.
1113 2909 1303 3004 domini
1325 2940 1447 3008 vero
1467 2907 1686 3005 MXXV.
1711 2913 1977 3054 subscripto
1997 2909 2119 3007 vdu-

579 3132 583 3140 ,
635 3032 739 3123 rico
763 3026 1073 3123 Cancellario
1103 3032 1215 3123 vice
1234 3026 1471 3123 Aribonis
1492 3028 1927 3155 Archicancellanj
1969 3032 2119 3128 Actum

632 3138 865 3239 Triburae
891 3142 1168 3242 Indictione
1191 3146 1271 3239 vii.
1303 3146 1351 3237 ii.
1376 3176 1535 3241 nonas
1563 3146 1870 3244 Decembris
1886 3150 2017 3276 regui
2037 3145 2118 3237 eius

489 3322 509 3368 s
634 3264 684 3357 ii.
709 3260 945 3357 Similiter
967 3265 1019 3357 in
1042 3265 1279 3359 comitatu
1301 3263 1497 3360 Alberti
1518 3262 1825 3362 Marchionis
1848 3270 1903 3363 in
1926 3263 2119 3362 omnibus

633 3381 761 3477 locis
794 3380 1077 3476 constructis
1108 3396 1160 3476 et
1194 3377 1526 3475 construendis
1558 3381 1622 3476 de
1652 3385 1886 3486 omnibus
1918 3416 1946 3479 s
1973 3379 2115 3509 quibus

450 3536 454 3547 ·
540 3572 542 3577 .
637 3496 791 3592 debet
820 3494 1013 3592 decima
1041 3498 1283 3623 persolui‚
1313 3513 1367 3594 vt
1390 3499 1489 3624 ipse
1523 3513 1575 3592 et
1599 3498 1668 3617 sui
1686 3502 1974 3600 successores
2004 3498 2121 3636 super

635 3613 714 3710 bis
739 3613 944 3727 liberam
965 3613 1182 3711 habeant
1205 3613 1468 3712 ordinandi
1488 3614 1792 3742 potestatem.
1869 3622 1892 3715 Ι
1944 3651 1971 3714 e
1998 3627 2116 3711 etum

637 3730 949 3873 Berengerus
973 3732 1035 3871 qb
1049 3734 1267 3831 Henrico
1290 3734 1505 3830 secundo
1521 3735 1743 3838 obtinuit
1762 3770 1865 3951 {ruo
1905 3738 2113 3859 damprae·

637 3850 774 3944 dium
798 3880 849 3944 1n
875 3864 1110 3945 comitatu
1133 3850 1338 3968 Henrici
1359 3852 1667 3953 Marchionis
1691 3870 1743 3949 et
1784 3889 1931 3954 ocum
1950 3852 2009 3948 ad
2025 3873 2115 3944 con·

589 4004 597 4011 ·‘
638 3962 914 4094 struendam
937 3967 1187 4067 ecclesiam
1208 3972 1259 4064 in
1280 3969 1613 4097 Herzogburg·
1626 3973 1709 4065 vbi
1734 3978 1993 4119 presbyter
2011 3988 2113 4060 man·

489 4162 492 4171 .
639 4083 797 4180 [iones
817 4084 982 4208 iacere
1072 4084 1169 4204 siit,
1197 4101 1248 4184 et
1261 4117 1411 4184 vnum
1422 4090 1639 4215 regalem
1653 4076 2114 4193 mansumrnKremb·

642 4200 693 4295 sa
722 4218 886 4301 autem
926 4218 979 4299 et
1003 4116 1069 4301 gi)
1094 4207 1416 4321 mareswerdt
1457 4222 1510 4301 et
1538 4204 1706 4302 Tulna
1738 4226 1876 4307 extra
1906 4207 2115 4330 ciuitatem

639 4332 694 4415 et
722 4318 1055 4421 Vecinessewe
1084 4328 1136 4419 in
1168 4323 1362 4451 singulis
1393 4324 1518 4420 locis
1549 4355 1602 4421 re
1666 4328 1741 4424 les
1770 4330 1985 4436 mansos,
2011 4330 2053 4411 et
2072 4334 2112 4401 1⁰

638 4464 943 4565 unoquoque
990 4440 1155 4561 locum
1206 4438 1507 4541 aedificandi
1532 4472 1619 4538 ecc
1641 4446 1782 4540 esiam
1826 4454 2112 4577 oportunum,

537 4573 539 4581 ’
639 4568 693 4651 et
720 4556 773 4649 in
805 4560 967 4657 vicino
999 4560 1064 4654 ad
1094 4558 1442 4658 construendas
1471 4558 1743 4659 mansiones
1808 4594 1866 4660 ro
1895 4551 2109 4690 presbyte-

466 4742 470 4745 -
641 4702 700 4773 ro
738 4674 796 4773 In
828 4671 1055 4787 Crembsa
1085 4694 1272 4797 autem,
1301 4680 1418 4809 quia
1447 4694 1636 4781 aratum
1663 4713 1724 4812 pr
1807 4684 1904 4780 'um
1930 4663 2109 4889 rffls·
