4717 6050
586 365 636 440 a
1011 328 1047 422 1.
1097 251 1607 414 a'rrrorxnrvrr

537 539 654 637 dios
685 530 923 634 frumenti
953 547 1005 630 et
1035 562 1209 641 avene.
1253 549 1304 632 et
1342 535 1372 630 i.
1404 548 1664 631 metretam
1733 537 1996 660 aperueris:
2020 511 2092 634 et‘

537 662 590 756 ii.
631 667 864 752 metretas
908 649 1039 752 fabe.
1084 669 1148 750 et.
1189 653 1257 749 iii.
1292 653 1473 748 caseos.
1514 654 1580 748 iii.
1624 685 1657 780 g
1725 654 1847 748 inas.
1897 668 1960 748 et
2001 657 2071 752 xl.
2137 705 2143 717 «

540 807 667 872 oua.
723 769 870 868 Hriba
912 767 1168 868 Chunradi
1205 773 1260 866 in
1297 769 1470 900 Stayn.
1511 772 1563 866 ii.
1598 770 1789 867 modios
1823 763 2072 872 {iumenti

542 909 605 989 et.
637 894 688 987 ii.
719 888 917 986 modios
948 905 1121 987 averte.
1154 904 1221 986 et.
1250 890 1298 984 ii.
1331 889 1567 1016 scapulas.
1603 905 1667 985 et.
1703 891 1769 996 vi.
1803 889 1984 987 caseos.
2018 907 2073 989 et

460 1075 463 1089 ι-
580 1039 750 1130 orcum
787 1007 1052 1111 valentem.
1084 1041 1197 1106 xxx
1229 1004 1477 1104 denarios.
1520 1023 1584 1104 et.
1615 1039 1697 1132 ¹¹11·
1737 1007 1960 1134 gallinas.
2003 1025 2076 1110 et.

597 1201 608 1230 .
642 1158 752 1222 oua.
786 1141 837 1222 et
867 1155 1019 1222 vnum
1051 1125 1242 1224 Schoet
1270 1125 1374 1222 lini.
1408 1140 1472 1222 et.
1505 1127 1551 1222 ii.
1585 1139 1819 1230 metretas
1843 1126 1973 1236 fabe.
2004 1143 2073 1224 et.

541 1250 574 1344 i.
607 1258 867 1340 metretam
936 1247 1179 1372 apaueris.
1249 1241 1396 1340 Hriba·
1426 1244 1708 1341 Wetzlonis
1737 1242 1810 1340 list
1840 1245 1988 1341 seruit
2019 1243 2077 1364 fig

543 1364 738 1474 militer.
799 1363 911 1457 Hve
948 1395 977 1460 a
1021 1360 1244 1460 Gotfridi
1285 1360 1514 1459 fimiliter.
1573 1361 1976 1460 Hveba'Alberti
2018 1365 2073 1462 in

544 1511 720 1608 eampo
756 1479 919 1578 seruit.
953 1483 1019 1577 iii.
1045 1479 1250 1580 modios
1268 1478 1504 1578 frumenti
1526 1495 1578 1574 et
1600 1511 1823 1576 avenam.
1846 1495 1898 1576 et
1918 1505 2075 1592 vnum

318 1639 321 1646 ’
541 1601 732 1696 Schoet
765 1599 872 1694 lini.
902 1615 965 1695 et.
997 1598 1316 1742 iinseapttlas.
1347 1614 1411 1694 et
1442 1599 1490 1692 ii.
1522 1614 1759 1694 metretas
1790 1595 1918 1694 fabe.
1950 1613 2013 1696 et.
2034 1601 2068 1694 i.

542 1731 804 1814 metretam
865 1747 1108 1843 apauerrs.
1135 1721 1222 1814 11i1.
1245 1717 1469 1843 gallinas.
1489 1717 1552 1832 vi.
1578 1716 1760 1816 caseos,
1785 1729 1851 1812 et.
1870 1716 1944 1814 lx·
1959 1743 2070 1830 oua

595 1935 598 1942 ,
662 1749 1000 1933 Durreioven
1026 1833 1124 1934 due
1157 1833 1288 1932 hibe
1320 1834 1537 1937 solunnt.
1563 1835 1626 1933 vi.
1660 1831 1861 1930 modios
1894 1865 2071 1931 avene.

295 2025 297 2033 .
339 2063 343 2074 Ι
518 1967 610 2049 et.
639 1954 727 2047 iiii'.
757 1951 953 2050 modios
984 1952 1236 2050 frumenti.
1269 1967 1333 2048 et
1364 1954 1413 2047 ii.
1443 1982 1641 2079 porcos.
1672 1982 1877 2079 porcum
1891 1950 2068 2047 valen·
2147 2039 2155 2047 .

542 2083 668 2176 tem.
703 2102 784 2186 xx.
830 2069 1079 2168 denarios.
1118 2086 1189 2180 et.
1223 2072 1306 2166 iiii
1347 2070 1582 2199 scapulas
1626 2084 1677 2165 et
1704 2101 1752 2164 x.
1785 2069 1964 2164 caseos.
1999 2085 2062 2166 et.

542 2217 585 2282 c.
616 2218 728 2284 oua.
762 2202 825 2284 et.
849 2190 948 2284 viii.
971 2187 1198 2318 gallinas.
1225 2203 1287 2284 et.
1319 2188 1402 2282 iiii.
1435 2203 1670 2284 metretas
1692 2185 1821 2282 fabe.
1846 2201 1897 2282 et
1919 2216 2068 2282 vnam

454 2375 460 2382 .
539 2316 802 2402 metretam
841 2307 1121 2432 papaueris.
1180 2303 1329 2402 Hriba
1358 2303 1788 2402 Hvetdesmvndes
1814 2304 1972 2400 soluit.
2003 2305 2066 2429 iij.

440 2465 466 2536 .'
538 2420 738 2521 modios
769 2452 940 2517 avene.
978 2437 1042 2518 et.
1079 2426 1131 2516 ii.
1167 2421 1365 2517 modios
1395 2422 1644 2518 frumenti.
1676 2437 1727 2518 et
1750 2451 1956 2548 porcum
1985 2451 2069 2534 vae

538 2539 744 2634 lentem.
776 2569 855 2632 xx.
889 2537 1138 2634 denarios.¹
1168 2553 1234 2634 et.
1267 2539 1316 2633 ii.
1340 2539 1574 2662 scamrlas.
1607 2553 1659 2636 et
1689 2559 1840 2635 vnum
1862 2539 2063 2636 Schoet.

541 2670 607 2750 et.
640 2656 687 2775 ij.
720 2669 955 2753 metretas
976 2653 1105 2751 fabe.
1136 2670 1189 2750 et
1220 2685 1369 2751 vnam
1401 2671 1662 2750 metretam
1695 2686 1762 2784 pa
1798 2659 1974 2754 aueris.
2000 2658 2064 2756 vi.

543 2775 724 2872 caseos.
753 2773 818 2868 lx.
850 2803 960 2870 oua.
994 2789 1045 2869 et
1073 2778 1226 2870 vnum
1294 2771 1462 2869 ullum.
1521 2773 1704 2870 Hveba
1805 2773 1981 2873 unradi
2012 2776 2067 2870 in

393 2966 398 2980 .
507 2887 851 3018 'Eizenberge
881 2891 1040 2987 soluit.
1064 2893 1113 2993 it
1141 2923 1229 2987 mo
1266 2922 1345 2985 ros
1378 2889 1626 2988 frumenti.
1655 2894 1705 2988 ii.
1729 2890 1925 3003 modios
1950 2921 2064 3004 ave·⁸
2152 2884 2161 2890 ’
2229 2959 2233 2965 -
2329 2950 2331 2981 t

477 3056 480 3065 =
538 3040 622 3103 ne.
655 3022 706 3103 et
737 3038 946 3133 porcum
978 3007 1247 3109 valentem.
1280 3040 1363 3111 xv.
1394 3005 1639 3113 denarios.
1671 3006 1797 3123 duas
1826 3010 2064 3137 scapulas.

542 3140 595 3219 et
626 3156 777 3221 vnum
815 3125 1017 3223 Schoet.
1059 3160 1105 3223 v.
1136 3128 1318 3234 caseos.
1358 3127 1390 3222 l.
1435 3158 1544 3221 oua.
1588 3129 1632 3250 ij.
1664 3142 1898 3225 metretas
1930 3126 2060 3225 fabe.

542 3258 611 3339 et.
641 3245 673 3337 i.
704 3257 963 3349 metretam
994 3246 1272 3371 papaueris.
1333 3244 1511 3342 Hveba
1526 3244 1788 3363 ⁴Chvnradi
1810 3247 1959 3343 vicini
1992 3246 2068 3344 l'ui

539 3360 766 3463 [imiliter.
852 3376 985 3456 reter
1064 3389 1247 3460 orcum.
1306 3364 1390 3503 qui
1438 3363 1637 3458 valebit.
1689 3398 1769 3461 xx.
1817 3362 2061 3459 denarios.

537 3478 788 3595 Hvebavi
825 3509 887 3573 ue
918 3481 970 3575 in
1045 3479 1251 3607 anpach.
1282 3482 1349 3576 iir.
1371 3477 1568 3578 modios
1598 3480 1844 3579 [rumenti.
1878 3495 1928 3577 et
1950 3482 2084 3578 ave.-¹

537 3628 618 3693 ne.
651 3612 702 3693 et
723 3595 927 3697 Weisri'd
952 3598 1068 3698 ficut
1101 3601 1326 3724 primum.
1396 3596 1576 3694 Hveba
1605 3600 1810 3695 Hainrci
1841 3601 1894 3697 in
1928 3599 2062 3706 Neve

537 3712 637 3810 stat.
678 3716 708 3811 i.
740 3714 962 3811 modium
1008 3716 1259 3813 frumenti.
1307 3729 1374 3811 et.
1401 3716 1431 3811 i.
1463 3715 1685 3811 modium
1720 3748 1892 3813 avene.
1932 3731 1995 3821 et.
2026 3719 2059 3819 i.
2098 3763 2101 3768 ·

536 3833 797 3959 scapulam.
857 3832 1037 3930 Hveba
1069 3834 1343 3929 Hermanni
1383 3837 1440 3929 in
1476 3833 1609 3932 Erla.
1640 3837 1688 3932 ii.
1719 3834 1917 3932 modios
1958 3822 2086 3943 fite,

536 3953 706 4045 menti.
749 3949 1042 4047 ettotidem
1073 3984 1247 4048 auene.
1289 3953 1336 4047 ii.
1367 3952 1587 4080 scapulas
1630 3968 1694 4052 et.
1735 3955 1783 4050 ii.
1825 3966 2058 4052 metretas

535 4066 666 4165 fabe.
700 4083 763 4163 et.
795 4072 825 4165 i.
857 4086 1116 4167 metretam
1146 4072 1425 4213 papaueris.
1457 4073 1521 4176 vi.
1548 4071 1727 4170 caseos.
1761 4069 1827 4167 xl.
1854 4101 1963 4164 oua.
1990 4084 2056 4183 et.

534 4184 621 4283 iiii.
652 4186 832 4313 pullos.
891 4188 1067 4304 Hveba
1097 4188 1316 4286 Drtmari
1339 4186 1590 4319 ·zeydlaer.
1636 4190 1686 4285 ii.
1727 4189 1923 4286 modios
1957 4184 2054 4281 fru-

534 4306 703 4401 menti.
741 4321 792 4401 et
826 4336 997 4405 avene.
1040 4323 1103 4405 et.
1136 4337 1289 4409 vnam
1331 4321 1593 4403 metretam
1631 4306 1761 4403 fabe.
1796 4321 1860 4402 et.
1891 4308 1922 4402 i.
1953 4335 2057 4399 me·
2132 4420 2135 4423 Α

394 4437 418 4473 ”
497 4432 714 4517 'tretam
756 4428 1032 4566 papaueris.
1079 4444 1144 4525 et.
1191 4426 1258 4521 iii.
1301 4425 1484 4553 pullos.
1543 4426 1691 4535 Hvba
1737 4424 1961 4525 Heinrici
2003 4424 2056 4527 in

532 4538 691 4638 Eben.
728 4574 791 4640 v1.
833 4543 1029 4643 modios
1062 4544 1299 4645 frvmenti
1336 4559 1387 4641 et
1420 4576 1593 4641 auene.
1637 4558 1690 4639 et
1720 4572 1927 4672 porcum
1972 4568 2061 4644 vav·

531 4656 735 4759 lentem.
764 4693 880 4767 mot.
918 4661 1162 4769 denarios.
1191 4666 1243 4770 ii
1276 4677 1511 4764 metretas
1543 4662 1678 4789 fabe.
1714 4678 1780 4767 et.
1811 4662 1843 4761 ‘a
1873 4672 2057 4875 1153&
