4717 6050
587 307 654 448 ιε’
1001 345 1033 425 1.
1086 343 1591 430 namormurvu
1659 315 1700 434 ,’

538 551 638 646 rios
662 544 725 643 ad
748 545 1098 648 marchiiewer.
1169 549 1523 648 Wernhsrdus·
1545 551 1600 647 in
1630 548 1818 650 Grvob.
1848 553 2046 650 xxxviii.

256 691 259 698 ’
356 703 359 708 ’
537 680 769 762 metretas
788 665 1033 764 frumenti.
1055 683 1117 764 et
1131 666 1424 766 iiiimodios
1437 700 1607 766 auene.
1658 698 1841 765 orcum.
1853 699 2046 794 agnum.

539 800 602 880 et
634 785 683 878 ii.
706 783 939 910 scapulas.
972 800 1035 881 et.
1060 787 1107 883 ii.
1131 779 1319 884 Schoet
1345 785 1449 881 lini
1489 783 1625 884 i'me
1671 801 1802 882 etam
1832 816 2046 912 papaue-

536 903 616 998 ris.
648 914 712 997 et
734 902 1041 998 imetretam
1062 901 1189 1000 fabe.
1218 907 1286 1005 vi
1319 904 1500 1002 caseos.
1529 905 1595 1000 xl.
1623 935 1733 1001 oua.
1762 904 1845 999 iiii.
1866 902 2047 1028 pullos.

389 1024 441 1134 ',
536 1033 601 1116 et.
620 1049 667 1113 x.
688 1015 919 1116 denarios
940 1017 1004 1116 ad
1023 1021 1373 1120 marchiiewer.
1431 1021 1580 1117 Huba
1602 1020 1837 1118 Mvterer.
1860 1019 1925 1115 xl.
1949 1050 2048 1160 me·

462 1215 474 1234 .
535 1151 688 1236 tretas
724 1136 967 1234 [rumenti.
997 1140 1062 1236 iii
1086 1138 1279 1237 modios
1313 1169 1487 1236 auene.
1516 1145 1736 1268 porcum.
1767 1166 1959 1264 agnum.
2001 1140 2048 1232 ir.

491 1333 492 1338 ι
539 1254 771 1380 scapulas.
802 1258 830 1350 i.
862 1272 1118 1354 metretam
1152 1259 1427 1386 papaueris.
1458 1271 1510 1351 et
1539 1271 1797 1352 metretam
1831 1252 1959 1349 fabe.
2000 1256 2058 1368 ii.

539 1373 736 1470 Schoet.
766 1374 831 1468 iii.
853 1375 1032 1501 pullos.
1062 1376 1127 1472 xl.
1149 1405 1258 1471 oua.
1276 1378 1340 1472 vi.
1365 1374 1544 1470 caseos.
1574 1407 1621 1471 x.
1643 1373 1887 1468 denarios.
1946 1371 2049 1467 Hv-

334 1525 340 1538 ·
480 1555 481 1558 ¹
539 1491 604 1585 ba
624 1487 918 1620 Poniiingel.
937 1495 978 1589 ·i.
1000 1491 1220 1589 modium
1242 1491 1486 1610 frumenti.
1517 1493 1565 1586 ii.
1588 1489 1784 1587 modios
1814 1491 2049 1584 suenni

423 1679 427 1690 .
538 1621 794 1703 metretam
824 1613 1097 1750 papaueris.
1138 1611 1186 1705 ii.
1223 1624 1456 1706 metretas
1492 1607 1607 1706 fabe
1646 1636 1854 1735 porcum
1881 1604 2050 1701 valen·
2225 1675 2228 1678 ⁴

537 1740 760 1836 temxx.
784 1723 1028 1824 denarios.
1057 1728 1309 1825 iSehoet
1338 1730 1386 1827 ii
1409 1728 1590 1854 pullos.
1617 1757 1729 1820 xxx.
1756 1753 1866 1820 oua
1897 1737 1961 1817 et.
1983 1725 2050 1818 iii

540 1841 718 1938 caseos.
779 1843 925 1938 Hvba
954 1847 1174 1972 pomerii.
1205 1847 1234 1941 i.
1257 1844 1476 1942 modium
1497 1843 1742 1939 frumenti.
1783 1842 1830 1935 ii.
1851 1837 2061 1935 modios

49 1911 53 1926 Ι
131 2073 135 2080 ,
279 2093 287 2107 ¹
411 2057 421 2068 ,
540 1961 712 2054 auene.
742 1959 772 2053 i.
798 1975 1055 2056 metretam
1077 1966 1352 2103 papaueris.
1371 1965 1419 2058 ii.
1443 1976 1675 2056 metretas
1687 1958 1815 2054 tabe.
1839 1956 2095 2054 i.Schot.‘

539 2078 588 2171 ii.
610 2076 791 2200 pullos,
820 2109 933 2173 ιιιιιι
956 2110 1067 2175 oua.
1097 2111 1181 2176 ιιιι.
1203 2081 1385 2176 caseos.
1417 2095 1478 2175 et
1502 2109 1548 2175 ιι
1570 2077 1814 2172 denarios.
1898 2073 2051 2170 Hvba

537 2192 728 2290 Alrami
758 2192 890 2318 apud
911 2195 1073 2323 Aych.
1102 2197 1178 2292 xi.
1198 2211 1433 2293 metretas
1469 2195 1715 2292 frumenti.
1745 2194 1828 2288 iiii.
1852 2189 2052 2286 modios

471 2365 474 2372 ·
538 2338 710 2404 auene.
740 2310 771 2402 i
791 2325 1048 2407 metretam
1069 2318 1345 2439 papaueris.
1367 2317 1415 2410 ii.
1438 2328 1673 2410 metretas
1694 2309 1821 2405 fabe.
1836 2339 2063 2450 porcum.

421 2455 425 2464 ’
536 2426 800 2522 valentem.
822 2457 934 2521 xxx
957 2426 1201 2522 denarios.
1232 2461 1410 2554 agnum
1441 2447 1507 2523 et.
1526 2433 1585 2522 ii.
1616 2425 1785 2522 sehse
1815 2429 1863 2520 in
1885 2427 1962 2520 sca
1998 2455 2050 2518 u·

535 2541 625 2636 las.
664 2543 730 2636 lx.
764 2571 879 2634 oua.
912 2545 1205 2641 viii-caseos
1221 2559 1309 2639 et.
1334 2574 1380 2638 ιι
1404 2542 1648 2639 denarios.
1708 2544 1833 2637 Item
1863 2541 1934 2637 ibi
1970 2573 2050 2636 em

536 2657 846 2755 Walchvnus
869 2656 931 2753 de
956 2689 1079 2752 arca.
1102 2690 1213 2755 xxx.
1237 2658 1481 2755 denarios.
1513 2675 1577 2754 et
1597 2691 1710 2754 xxx.
1734 2688 1842 2759 oua.
1896 2659 2052 2754 Hein-

536 2776 667 2870 ricus
691 2803 789 2879 ovz
810 2769 899 2869 der
924 2771 1147 2878 Choden.
1161 2777 1207 2880 ,i
1227 2776 1448 2872 modium
1475 2775 1724 2872 frumenti.
1754 2792 1818 2872 et
1848 2776 1915 2871 iii.
1945 2805 2050 2872 mo·

539 2890 650 2987 dios
674 2919 846 2987 anene.
875 2892 905 2987 i.
925 2905 1182 2988 metretam
1239 2896 1491 3020 apaueris..
1507 2895 1641 2998 etii
1664 2909 1899 2993 metretas
1920 2891 2049 2989 fabe.

536 3038 743 3147 porcum
778 3007 1041 3105 valentem.
1071 3042 1149 3108 xv.
1206 3013 1425 3107 enarios.
1445 3041 1640 3152 agnum.
1670 3027 1734 3107 et.
1767 3013 1815 3107 ii.
1847 3010 2047 3113 Schoet

539 3141 602 3221 et.
623 3128 672 3239 ri.
693 3124 926 3338 [casulas.
954 3127 1020 3221 xl.
1041 3158 1148 3222 uua.
1179 3132 1241 3224 vi
1256 3130 1441 3223 ·eaieos.
1470 3132 1537 3224 ni.
1592 3126 1729 3225 'ullos
1760 3143 1823 3223 et.
1850 3131 1932 3224 vii
1963 3127 2047 3223 de·

537 3245 756 3339 nariosa
813 3242 1162 3339 marchstewer.
1221 3245 1369 3347 Huba
1391 3248 1532 3342 Arno
1592 3247 1604 3267 ‘
1649 3245 1922 3341 imodium
1947 3242 2048 3340 fru-

538 3362 704 3455 menti
736 3375 799 3455 et.
830 3363 877 3455 ii.
911 3359 1110 3457 modios
1137 3389 1308 3458 auene.
1336 3364 1368 3459 i.
1402 3377 1660 3457 metretam
1758 3363 1967 3488 paueris
1998 3364 2061 3456 iia

536 3491 770 3573 metretas
792 3475 919 3572 fabe.
939 3508 1157 3604 porcum.
1184 3488 1375 3621 agnum.
1397 3480 1427 3579 i.
1450 3480 1649 3575 Schoet
1727 3548 1738 3573 .
1761 3510 1872 3574 oua.
1891 3480 1953 3575 vi.
1967 3511 2046 3574 ca·

346 3628 392 3703 s
478 3701 480 3705 ,
536 3594 659 3690 ieos.
689 3588 942 3722 ii.,pullos.
974 3611 1025 3690 et
1042 3597 1124 3690 vii.
1148 3594 1393 3719 denarios.
1454 3595 1615 3689 Vidua
1631 3596 1690 3689 in
1716 3595 1805 3691 der
1828 3592 2044 3692 Grvebe.

390 3808 396 3817 ,
534 3714 566 3805 i.
591 3711 811 3807 modium
833 3711 1078 3806 frumenti
1108 3714 1155 3805 ii.
1185 3710 1384 3808 modios
1418 3742 1590 3808 auene.
1620 3716 1928 3808 'nmetretam
1958 3745 2043 3841 pa·

482 3882 484 3887 ·
533 3832 744 3953 paueris.
764 3829 906 3923 etii.
930 3831 1164 3923 metretas
1184 3826 1312 3923 fabe.
1342 3832 1389 3925 ii.
1412 3830 1615 3944 Schoet.
1642 3831 1701 3925 ii.·
1723 3828 1958 3955 scapulas
1991 3846 2042 3926 et

533 3946 737 4081 pullum.
759 3974 966 4069 porcum
989 3944 1250 4039 valentem.
1272 3977 1352 4042 xv.
1371 3944 1616 4043 denarios.
1637 3978 1829 4073 agnum.
1853 3946 1918 4040 xl.
1929 3956 2040 4042 oua

511 4092 600 4161 ¹vr.
625 4063 803 4154 caseos.
834 4076 897 4155 et.
917 4060 997 4157 vii.
1019 4058 1263 4158 denarios.
1351 4065 1614 4161 Heinricus
1636 4065 1778 4189 super
1791 4064 2039 4273 liffeim

478 4240 483 4251 -
533 4176 758 4271 similiter.
846 4178 1106 4272 Hainricus
1139 4180 1446 4277 mvterlineh.
1476 4182 1507 4276 i.
1539 4179 1757 4275 modium
1840 4182 2040 4274 umenti.

530 4296 596 4387 iii.
629 4283 826 4389 modios
858 4324 1030 4398 auerte.
1061 4310 1113 4391 et
1140 4296 1326 4393 weistd
1356 4298 1579 4393 [imiliter.
1620 4312 1682 4391 et
1715 4328 1762 4392 ιι
1794 4296 2042 4391 denarios.

464 4432 467 4440 ’
521 4409 857 4535 ,Marqvardus
880 4413 932 4504 in
953 4412 1282 4553 Elhenperge.
1311 4414 1575 4511 imodium
1593 4411 1839 4508 frumenti.
1863 4415 1911 4507 ii.
1934 4444 2038 4507 mo·

450 4537 453 4546 '
529 4524 640 4621 dios
665 4558 836 4623 auene.
868 4542 931 4634 et.
955 4528 1020 4621 xL
1046 4528 1291 4627 denarios.
1347 4532 1495 4626 Huba
1519 4563 1580 4625 zu
1601 4530 1853 4625 Erlanten'.
1879 4531 1912 4623 i.
1934 4559 2037 4623 mo·

528 4642 663 4739 dium
694 4643 945 4741 frumenti.
974 4648 1022 4739 ii
1050 4648 1249 4744 modios
1282 4678 1457 4746 auene.
1485 4650 1795 4743 imetretam
1815 4676 2038 4781 papaue-

1823 4886 1829 4894 .
1894 4792 1977 4856 1⁵15.
