4717 6050
468 535 472 548 .
629 498 791 581 au,
947 466 1733 573 ¹viseuurrounrr
1842 441 1875 596 J

578 681 717 806 plina
748 671 1048 801 praestantior
1078 670 1364 769 habebatur.
1434 672 1528 770 Hic
1559 679 1610 769 in
1641 674 1862 815 Celeigia
1892 676 2102 777 ciuitate

580 828 643 891 ex
687 810 826 919 patre
871 824 901 888 o
940 792 1048 886 ibus
1089 791 1342 915 locuplete
1382 792 1602 917 genitus,
1634 794 1895 891 nobilitate
1913 799 2092 893 ‘carnis

528 924 531 932 “
579 914 828 1038 insignito,
913 926 934 1004 t
965 906 1101 1035 quod
1133 940 1210 1001 am
1247 908 1341 1001 lius
1382 936 1573 1003 morum
1605 909 1856 1007 honestate
1887 914 2102 1035 praecla·

581 1063 638 1127 ro
683 1042 735 1124 et
774 1030 827 1122 in
866 1026 962 1123 fide
1005 1024 1175 1120 Christi
1211 941 1426 1137 denoto,
1457 1028 1542 1150 qui
1573 1043 1624 1124 et
1653 1031 1943 1123 merentium
1976 1062 2099 1125 con·

581 1150 792 1260 solator,
835 1144 1168 1271 oppressorum
1219 1143 1332 1269 pius
1373 1142 1623 1240 releuator
1665 1145 1792 1259 suit,
1835 1176 1900 1239 ex·
1937 1163 2101 1243 matre

581 1295 703 1361 vero
734 1260 913 1388 pudica
943 1261 1127 1355 sensata
1168 1274 1219 1355 et
1249 1258 1407 1358 nobili
1436 1289 1645 1401 genere,
1674 1261 1909 1361 nobiliori
1948 1266 2103 1359 mori·

579 1384 673 1483 bue
713 1396 765 1476 et
806 1378 945 1475 nullo
986 1375 1181 1504 prorsus
1224 1408 1254 1471 a
1295 1378 1363 1471 sui
1404 1380 1498 1475 vrri
1532 1380 1753 1476 moribus
1783 1378 2098 1504 discrepante

617 1500 898 1640 regenitus,
928 1498 980 1591 in
1017 1492 1151 1591 sacro
1183 1495 1345 1626 sancte
1376 1511 1579 1591 renatus
1619 1498 1836 1625 praesago
1875 1496 2113 1622 quodam.

579 1536 748 1745 spintu
790 1611 1162 1711 Maximiiianns
1191 1612 1214 1733 (
1228 1612 1355 1824 ‹luasr
1395 1616 1608 1709 maxima
1649 1615 1843 1827 libans?
1874 1617 2099 1739 accepit,

579 1742 608 1837 Ι
640 1736 686 1835 se
727 1730 961 1859 siquidem
991 1761 1020 1824 a
1051 1728 1246 1825 cunabu
1266 1732 1308 1827 ir
1339 1730 1557 1838 infantili
1586 1730 1785 1827 feruore

579 1770 756 1953 didicit
795 1848 879 1944 sub
912 1848 1101 1941 Orauio
1141 1847 1226 1968 dei
1264 1845 1517 1946 sacerdote
1557 1848 1870 1975 paedagogo,
1892 1878 2099 1949 carnem

498 2006 501 2013 ’
579 1974 713 2071 suam
744 1996 855 2062 cum
886 1966 1019 2085 vicijs
1064 1978 1116 2058 et
1157 1966 1568 2103 concupisceneijs
1612 1967 1874 2080 crucifixit,
1916 1965 2097 2062 libauit

583 2089 797 2214 denique
829 2083 1041 2177 maxima
1081 2079 1335 2179 dumrnon
1365 2081 1500 2205 denjt
1526 2083 1733 2179 imolare
1769 2083 1868 2179 deo
1954 2082 2098 2179 atilli·

581 2236 715 2305 mum
744 2196 1027 2297 sacrificium
1057 2228 1145 2295 cor
1176 2200 1441 2295 contritum
1472 2215 1525 2297 et
1552 2201 1861 2303 humiliatum
1928 2231 2009 2296 um
2039 2202 2094 2295 in

581 2321 801 2421 moribus
824 2314 1043 2458 degeret.
1130 2317 1198 2410 Et
1255 2319 1476 2455 ‚accipue
1506 2320 1717 2413 maxima
1746 2317 1948 2434 libatut,
1976 2316 2096 2413 dum

1836 1761 1975 1857 egem
2005 1730 2098 1829 dei

406 2548 414 2561 .
582 2446 636 2539 in
657 2435 912 2559 sacerdoti]
991 2431 1089 2529 adu
1119 2463 1216 2528 con
1269 2450 1403 2531 tutus
1435 2433 1605 2530 Christi
1633 2432 1781 2531 fidem
1818 2436 1950 2531 inter
1988 2462 2096 2561 per·
2281 2545 2288 2558 ³

582 2560 856 2655 secutorum
899 2584 952 2647 ra
988 2552 1088 2647 iem
1129 2552 1417 2648 incessanter
1455 2547 1654 2666 docuit,
1697 2567 1749 2648 et
1777 2581 1870 2691 pro
1902 2583 1962 2647 ea
1991 2580 2096 2645 cer·
2279 2563 2291 2600 ’

583 2678 743 2771 uicem
763 2670 1064 2798 persecutori
1077 2668 1321 2798 Tyranno
1344 2670 1544 2766 flectere
1566 2699 1672 2763 non
1684 2665 1941 2764 dubrtauit
1998 2668 2104 2762 Hie-
2280 2667 2290 2782 ζ

580 2788 860 2890 fortissimus
923 2801 1162 2913 patronus
1216 2786 1377 2881 noster
1437 2785 1652 2885 infantili
1700 2783 1900 2886 decursa
1961 2799 2098 2881 etate
2282 2811 2290 2844 ¹

586 2908 705 3005 dum
739 2907 885 3001 xiiitm·
912 2917 1082 3029 ageret
1116 2932 1326 3015 annum,
1356 2916 1548 3028 patrem
1576 2902 1713 2997 suum
1741 2902 1946 3029 plenum
1976 2930 2098 3028 ope·

582 3027 718 3122 ribus
750 3037 801 3116 et
831 3016 1136 3114 eleemosinis
1166 3014 1380 3144 premisit
1409 3017 1474 3114 ad
1503 3018 1766 3134 Chrislum,
1795 3036 1952 3117 matre
1974 3049 2094 3116 vero

406 3163 409 3168 ·
585 3139 747 3236 adhuc
789 3135 1063 3260 superstite,
1105 3150 1156 3230 et
1185 3140 1237 3230 in
1267 3136 1447 3232 sanctae
1477 3133 1728 3232 viduitatis
1760 3152 1812 3234 et
1841 3138 2098 3235 conuersa·

586 3257 737 3354 tionis
776 3253 1026 3464 Ρτοῖοῌῐο
1067 3252 1302 3349 sexennio
1345 3251 1619 3380 superstite,
1662 3252 1829 3380 postea
1865 3257 2097 3350 maritum

582 3378 788 3499 sequuta
825 3367 876 3465 fe
898 3374 1038 3465 ic1ter
1078 3369 1211 3467 diem
1251 3371 1416 3467 clausit
1455 3384 1755 3486 extremum,
1822 3370 1938 3467 Post
1974 3401 2101 3496 quo·

584 3522 693 3589 rum
711 3488 987 3602 transitum,
1017 3517 1121 3584 non
1151 3503 1206 3583 vt
1235 3487 1404 3583 surdus
1435 3487 1744 3584 consiliorum
1773 3486 1997 3604 auditor,
2025 3485 2100 3583 sa·

499 3675 510 3688 -
585 3607 770 3716 milium
809 3605 942 3699 suam
982 3635 1137 3730 quam
1170 3607 1478 3702 numerosam
1515 3602 1725 3731 possedit
1757 3620 1900 3731 pater
1928 3634 2101 3702 manu·

585 3723 731 3836 mis1t‚
761 3724 944 3816 victum
980 3753 1042 3816 ue
1065 3721 1328 3818 secundum
1358 3724 1492 3818 suam
1512 3720 1852 3820 conditionem
1881 3719 1946 3819 de
1975 3753 2106 3850 prae·

557 3941 559 3946 ,
585 3839 676 3962 dijs
705 3841 801 3933 suis
832 3835 961 3933 distri
996 3841 1096 3955 uit,
1128 3871 1185 3934 ac
1210 3838 1509 3936 residuorum
1533 3837 1769 3934 Christum
1792 3845 1844 3935 in
1868 3841 1960 3935 tuis
1984 3871 2100 3967 ege·

585 3959 664 4056 nis
706 3952 958 4058 haeredem
998 3954 1144 4072 fecit,
1175 3972 1338 4052 certus
1367 3955 1433 4054 de
1464 3956 1635 4052 Chrilli
1665 3956 1894 4082 promisso
1923 3957 1973 4052 se
2002 3987 2094 4081 pro

586 4073 665 4172 his
696 4071 983 4205 centuplum
1015 4081 1346 4200 accepturum.
1404 4072 1769 4171 Adolescentiae
1798 4077 1947 4204 igitur
1975 4074 2099 4172 limi·
2155 4135 2160 4148 ·

586 4207 684 4288 tes·
703 4193 975 4330 attingens,
1017 4194 1116 4292 iam
1144 4205 1355 4318 utroque
1386 4204 1592 4317 parente
1635 4222 1692 4286 ac
1723 4190 1919 4288 caducis
1949 4191 2099 4288 rebus

406 4339 410 4346 ’
586 4311 686 4406 iam
733 4307 999 4448 plunmum
1040 4307 1318 4406 denudatur
1368 4337 1474 4404 non
1511 4309 1841 4434 petulantium
1881 4309 2097 4440 sequitur

587 4421 784 4551 vestigia
812 4451 1049 4522 iuuenum
1087 4424 1255 4522 sciens.
1285 4423 1423 4552 quod
1453 4440 1773 4550 corrumpunt
1801 4427 1965 4523 bonos
1992 4455 2101 4519 mo·

589 4569 670 4636 res
695 4541 945 4668 colloquia
967 4573 1145 4670 praua,
1174 4573 1280 4638 non
1300 4545 1461 4636 minua
1491 4540 1826 4639 dissolutorum
1846 4574 1989 4638 exem
2022 4542 2100 4656 la,
2127 4568 2130 4575 ⁴

585 4654 674 4772 ‚sed
712 4670 798 4756 tan
836 4691 950 4756 uam
987 4692 1149 4759 nouus
1190 4659 1362 4756 Christi
1391 4659 1534 4786 Tyro
1564 4660 1776 4756 accinxit
1806 4575 2097 4757 fortitudine

589 4773 787 4908 lumbos
800 4687 954 4896 duos,
983 4811 1041 4878 ae
1072 4780 1219 4886 armis
1248 4777 1434 4876 iustitiae
1464 4807 1581 4906 erga
1607 4777 1838 4906 seipsum,
1865 4778 2026 4876 deum
2044 4785 2098 4873 et

910 4955 919 4966 -
1924 4925 2043 5025 pro·
