4717 6050
629 500 706 565 „s
897 562 902 569 ,
1033 488 1092 565 11..
1137 482 1642 615 anr‘roramvn
1757 474 1762 483 ’

579 704 712 797 ctare
735 688 1007 787 dinoscitur·
1022 689 1341 819 uigilantiam.
1365 723 1455 790 eos
1477 723 1574 821 que
1599 688 1669 791 ad
1684 695 1820 821 pacis
1844 710 1898 792 et
1913 695 2110 797 iusticie

577 809 974 904 obseruationem
996 808 1281 905 conducunt
1298 810 1560 909 intendere
1574 826 1626 906 et
1645 811 1940 912 seditionum
1953 846 2109 913 occa-

491 960 499 967 ·
572 926 731 1023 liones
753 925 988 1053 prudenti
1018 927 1212 1024 cautela
1233 926 1510 1053 precidere
1534 929 1705 1027 Nichil
1737 961 1858 1030 uero
1878 936 2111 1061 repperi·-

572 1058 649 1139 ter
672 1044 919 1141 efficacius
947 1046 1146 1173 magnas
1162 1046 1305 1143 Lites
1333 1046 1555 1146 suscitare
1577 1078 1731 1175 qnam
1751 1050 1883 1147 viros
1918 1065 2111 1175 potem--

571 1175 649 1257 tes
675 1163 756 1258 sue
777 1162 1041 1289 potestatis.
1066 1177 1115 1257 et
1147 1165 1333 1290 proprij
1356 1163 1559 1286 dominii
1595 1167 1832 1263 terminos
1864 1169 2105 1291 ignorare·

571 1280 656 1373 uel
679 1280 807 1375 ultra
821 1279 1041 1375 debitum
1063 1282 1349 1379 extendere.
1406 1284 1483 1379 Ea
1495 1298 1700 1410 propter
1723 1285 1940 1425 agnitam
1965 1285 2109 1383 inter·

569 1396 744 1494 Duces
765 1398 954 1492 Aullrie
982 1395 1252 1497 etssoemie
1273 1398 1337 1497 de
1362 1400 1558 1496 suorum
1582 1402 1812 1500 termino·
1827 1397 2102 1499 ducatuum

569 1514 963 1614 controuersiam.
1000 1516 1208 1644 dignum
1237 1515 1439 1613 tandem
1473 1514 1716 1618 duximus..
1733 1535 2001 1642 amputare.
2043 1536 2095 1616 et

571 1636 766 1774 utrique
780 1635 982 1729 ducatui
1004 1633 1337 1733 iuridiccionis
1361 1635 1452 1760 (ita
1471 1640 1643 1758 Codex)
1668 1640 1919 1733 terminos.
1943 1640 2098 1733 certis

569 1749 808 1849 limitibus
833 1752 1078 1881 alligante.
1138 1754 1372 1863 Evocatis
1395 1784 1524 1882 ergo:
1552 1752 1616 1849 ad
1641 1754 1798 1850 nostre
1832 1752 2089 1851 maiestatis

409 1922 422 1945 ·
568 1871 879 2009 presentiam.
907 1869 1193 1967 eorumdem
1225 1869 1491 1967 ducatuum
1551 1870 1865 1968 olselsoribus.
1890 1872 2104 1989 consan-⁴

655 1990 764 2085 neis
787 1986 973 2085 nostris.
1035 1985 1513 2127 LivpoldoduceA·
1583 1988 1938 2127 'eetFridrico
1962 1986 2088 2087 duee

616 2109 792 2201 oemie.
818 2106 877 2200 lic
904 2104 1689 2233 exconsrl1oprincipumrmperi1
1712 2104 1859 2202 nolin
1880 2104 2097 2209 in-Curin
2176 2176 2183 2183 -

568 2223 735 2322 nostra.
760 2222 892 2351 apud
915 2224 1149 2439 Egeram..
1177 2222 1376 2321 eosdem
1401 2222 1619 2321 ducatus¹
1644 2220 2103 2323 disterminauimus..

392 2376 395 2384 ’
564 2356 634 2449 et·
647 2340 875 2439 institutis
899 2372 969 2468 pu
1004 2342 1100 2438 lice
1123 2344 1278 2438 metis.
1308 2339 1628 2441 distinximus..
1644 2355 1700 2436 vt
1731 2341 1828 2435 hec.
1850 2338 2101 2442 distinctio

568 2459 894 2587 prudentibus
916 2474 966 2555 et
990 2449 1255 2555 maioribus
1280 2462 1527 2587 utriusque
1561 2475 1691 2555 terre
1715 2475 1963 2586 tamquam
1986 2489 2100 2559 om-

567 2579 698 2674 nino·
726 2608 950 2705 congrua
977 2577 1219 2703 placeret.
1243 2591 1300 2673 ct.
1327 2608 1437 2675 earn
1467 2590 1683 2705 uterquc·
1698 2575 1886 2672 ducum
1909 2578 2098 2677 assensu

569 2695 821 2821 placidoa
856 2697 1111 2821 probaret..
1140 2696 1158 2715 “’
1191 2695 1386 2823 lamque
1419 2694 1508 2793 sbi
1537 2710 1593 2793 et
1621 2696 1723 2791 luis.
1750 2695 2090 2795 suecessoribus

568 2726 944 3028 perpetuaiege
967 2814 1137 2912 seruan
1175 2844 1253 2908 arn
1276 2816 1533 2957 reciperet.
1567 2830 1619 2912 et
1649 2813 1795 2910 ambo
1828 2816 1929 2913 iuri·
1954 2812 2098 2943 quod.

590 2934 841 3030 ecundum.
859 2950 973 3034 ante
997 2952 1162 3046 actam
1183 2949 1566 3032 contentionem
1577 2936 1719 3063 super
1741 2934 1832 3030 hac
1863 2943 2003 3031 caula
2035 2936 2094 3030 in.

571 3051 865 3148 alterutrum
891 3054 1075 3150 habere
1098 3052 1408 3150 uidebantur.
1446 3055 1724 3180 spontanea·
1751 3067 1802 3147 et
1835 3051 2085 3148 manifesta

569 3169 913 3304 resignatione
931 3169 1242 3269 abdicarent,
1266 3254 1272 3262 .
1292 3171 1372 3267 Ne
1403 3173 1558 3384 super
1578 3172 1670 3266 his.
1692 3200 1820 3302 ergo·
1847 3169 2095 3296 deinceps

569 3291 761 3384 oriatur·
775 3289 1068 3416 ambiguitas
1091 3291 1154 3384 ad
1175 3288 1373 3384 sirmam.
1398 3286 1448 3386 di
1503 3292 1620 3384 nire
1638 3290 1717 3383 rei·
1748 3289 2086 3414 cognitionem
2118 3387 2124 3398 ,

571 3421 626 3502 et
657 3410 955 3503 memoriam
983 3408 1193 3504 nomina·
1222 3423 1273 3502 et
1305 3407 1416 3503 litus
1446 3407 1765 3504 terminorum
1798 3406 2096 3504 eorumdem

390 3591 394 3598 -
462 3630 464 3636 ¹
570 3527 841 3652 presentip
906 3523 1542 3622 inasecimuscommuniri..
1591 3524 1714 3618 Insu
1752 3524 1899 3618 ctiori
1919 3527 2084 3664 itaque

570 3647 999 3774 pannonioque
1028 3641 1385 3760 terreAultrie.
1400 3641 1584 3738 scilicet
1613 3657 1666 3737 et
1733 3643 1893 3736 oemie
1926 3658 2088 3736 ternu·

570 3795 663 3860 nus
702 3761 774 3858 eli.
798 3791 940 3858 mons
966 3763 1051 3888 qui
1081 3760 1256 3855 diciter
1292 3760 1419 3857 altus
1444 3759 1507 3854 ab
1544 3758 1632 3854 illo
1659 3773 1827 3856 monte
1851 3761 2093 3856 terminus

531 3921 535 3930 ¹
571 3879 966 4009 dirigit'urusquc
988 3871 1051 3973 ad
1067 3879 1326 3973 concursus
1340 3877 1549 3972 duorum
1574 3877 1856 3973 riuolorum.
1915 3907 2089 3973 uorum

572 4023 704 4095 unus·
736 4007 942 4092 vocatur
964 3993 1309 4092 Schremelize.
1335 3993 1473 4090 alter.
1496 3993 1612 4090 Lvn
1635 3996 1817 4098 lemze..
1831 3908 1962 4090 Iride,
1975 4023 2099 4120 por·-

571 4121 745 4245 rigitur
771 4121 918 4242 usque
941 4114 993 4208 in
1007 4113 1286 4239 proximum
1306 4110 1504 4208 vadium
1525 4110 1662 4239 quod
1684 4113 1749 4206 elt
1770 4115 1906 4208 iuxta
1916 4112 2087 4241 Segor.

574 4239 648 4334 ab‹
661 4236 751 4331 illo
773 4233 902 4331 vado
926 4247 1066 4328 recta
1084 4229 1396 4327 estimationis
1416 4229 1573 4326 Linea
1595 4230 1831 4328 terminus
1852 4230 1985 4326 idem
2007 4248 2104 4331 ex*

466 4433 475 4438 -
573 4355 807 4452 tenditur.
832 4353 981 4480 usqne
1013 4347 1267 4445 adortum
1288 4345 1463 4476 gestire
1484 4347 1725 4466 fluminis,
1751 4348 1815 4443 ab
1837 4360 1948 4443 or‘tu
1969 4377 2089 4458 uero

576 4472 793 4570 eiusdem
812 4469 1030 4564 fluminis.
1045 4467 1102 4564 us
1131 4491 1193 4560 ue
1214 4469 1274 4599 in·
1295 4465 1517 4605 vrgrvbe
1577 4466 1719 4561 Hanc
1740 4469 1887 4594 igitur
1899 4462 2101 4594 predic·-

576 4611 747 4692 torum
764 4589 1030 4685 ducatuum
1048 4497 1525 4682 disierminatronem.
1540 4585 1829 4680 auctoritate
1851 4583 2090 4709 imperiali

580 4707 935 4816 confirmamus
963 4704 1179 4800 etomni
1198 4701 1436 4828 deinceps
1450 4732 1546 4796 euo
1566 4717 1720 4796 ratam
1742 4701 1913 4818 haberi
1934 4699 2089 4796 stanti·
2226 4754 2231 4762 ·

578 4862 707 4946 mus..
724 4823 1063 4953 precipientes·
1076 4821 1165 4918 sub·
1179 4850 1310 4947 pena
1341 4819 1609 4946 imperialis
1634 4821 1794 4960 gratie
1824 4833 1882 4942 ut
1907 4818 2101 4914 nullius-

575 4973 811 5082 umquam
829 4941 1198 5068 presumptione
1211 4937 1437 5036 violetur.
1458 4953 1511 5036 ct
1531 4934 1683 5066 liquis
1696 4967 1805 5036 eam
1824 4934 2091 5152 instrtingcre,

1862 5087 1893 5152 3.
1935 5086 2046 5152 eme·
