<?xml version="1.0" encoding="UTF-8"?>
<!DOCTYPE html PUBLIC "-//W3C//DTD XHTML 1.0 Transitional//EN"
    "http://www.w3.org/TR/xhtml1/DTD/xhtml1-transitional.dtd">
<html xmlns="http://www.w3.org/1999/xhtml" xml:lang="en" lang="en">
 <head>
  <title>
</title>
<meta http-equiv="Content-Type" content="text/html;charset=utf-8" />
  <meta name='ocr-system' content='tesseract 3.04.00' />
  <meta name='ocr-capabilities' content='ocr_page ocr_carea ocr_par ocr_line ocrx_word'/>
</head>
<body>
  <div class='ocr_page' id='page_1' title='image "./rerumavstriacar00raucgoog_0270.png"; bbox 0 0 4717 6050; ppageno 0'>
   <div class='ocr_carea' id='block_1_1' title="bbox 139 1663 430 1756">
    <p class='ocr_par' dir='ltr' id='par_1_1' title="bbox 139 1663 430 1756">
     <span class='ocr_line' id='line_1_1' title="bbox 139 1663 430 1756; baseline 0.031 -9"><span class='ocrx_word' id='word_1_1' title='bbox 139 1741 142 1747; x_wconf 89' lang='grc'><em>,</em></span> <span class='ocrx_word' id='word_1_2' title='bbox 321 1663 430 1756; x_wconf 86' lang='lat' dir='ltr'>cele</span> 
     </span>
    </p>
   </div>
   <div class='ocr_carea' id='block_1_2' title="bbox 47 2683 1334 2846">
    <p class='ocr_par' dir='ltr' id='par_1_2' title="bbox 47 2683 1334 2846">
     <span class='ocr_line' id='line_1_2' title="bbox 47 2683 1334 2846; baseline 0.002 -45"><span class='ocrx_word' id='word_1_3' title='bbox 47 2704 54 2715; x_wconf 81' lang='grc'><strong>’</strong></span> <span class='ocrx_word' id='word_1_4' title='bbox 179 2683 192 2752; x_wconf 59' lang='lat' dir='ltr'>l</span> <span class='ocrx_word' id='word_1_5' title='bbox 356 2740 511 2846; x_wconf 81' lang='lat' dir='ltr'>urgan</span> <span class='ocrx_word' id='word_1_6' title='bbox 532 2742 570 2803; x_wconf 86' lang='lat' dir='ltr'>rs</span> <span class='ocrx_word' id='word_1_7' title='bbox 661 2708 846 2803; x_wconf 88' lang='lat' dir='ltr'>ubitate</span> <span class='ocrx_word' id='word_1_8' title='bbox 880 2709 1237 2805; x_wconf 88' lang='lat' dir='ltr'>ieiunabantur.</span> <span class='ocrx_word' id='word_1_9' title='bbox 1283 2712 1334 2803; x_wconf 94' lang='lat' dir='ltr'>in</span> 
     </span>
    </p>
   </div>
   <div class='ocr_carea' id='block_1_3' title="bbox 691 469 1783 599">
    <p class='ocr_par' dir='ltr' id='par_1_3' title="bbox 691 469 1783 599">
     <span class='ocr_line' id='line_1_3' title="bbox 691 469 1783 599; baseline 0.003 -5"><span class='ocrx_word' id='word_1_10' title='bbox 691 480 693 487; x_wconf 78' lang='grc'><em>’</em></span> <span class='ocrx_word' id='word_1_11' title='bbox 743 504 984 597; x_wconf 76' lang='lat' dir='ltr'>onnon.</span> <span class='ocrx_word' id='word_1_12' title='bbox 1012 503 1373 599; x_wconf 67' lang='lat' dir='ltr'>rvs&#39;ramc.</span> <span class='ocrx_word' id='word_1_13' title='bbox 1569 469 1571 472; x_wconf 58' lang='grc'><strong>’</strong></span> <span class='ocrx_word' id='word_1_14' title='bbox 1715 530 1783 599; x_wconf 62' lang='lat'>261</span> 
     </span>
    </p>
   </div>
   <div class='ocr_carea' id='block_1_4' title="bbox 181 718 1934 1755">
    <p class='ocr_par' dir='ltr' id='par_1_4' title="bbox 181 718 1934 1637">
     <span class='ocr_line' id='line_1_4' title="bbox 309 718 1840 851; baseline -0.001 -28"><span class='ocrx_word' id='word_1_15' title='bbox 309 725 384 823; x_wconf 80' lang='lat' dir='ltr'>&#39;lis</span> <span class='ocrx_word' id='word_1_16' title='bbox 406 722 624 851; x_wconf 89' lang='lat' dir='ltr'>gratibus</span> <span class='ocrx_word' id='word_1_17' title='bbox 646 723 775 851; x_wconf 83' lang='lat' dir='ltr'>regis</span> <span class='ocrx_word' id='word_1_18' title='bbox 796 720 1043 821; x_wconf 83' lang='lat' dir='ltr'><strong>bohemie.</strong></span> <span class='ocrx_word' id='word_1_19' title='bbox 1066 736 1118 817; x_wconf 87' lang='lat' dir='ltr'>et</span> <span class='ocrx_word' id='word_1_20' title='bbox 1139 721 1360 816; x_wconf 87' lang='lat' dir='ltr'>Heinriei</span> <span class='ocrx_word' id='word_1_21' title='bbox 1383 718 1522 818; x_wconf 90' lang='lat' dir='ltr'>ducis</span> <span class='ocrx_word' id='word_1_22' title='bbox 1543 720 1767 843; x_wconf 88' lang='lat' dir='ltr'>Babarie.</span> <span class='ocrx_word' id='word_1_23' title='bbox 1788 742 1840 821; x_wconf 88' lang='lat' dir='ltr'>et</span> 
     </span>
     <span class='ocr_line' id='line_1_5' title="bbox 310 837 1839 979; baseline 0 -42"><span class='ocrx_word' id='word_1_24' title='bbox 310 840 603 968; x_wconf 81' lang='lat' dir='ltr'>aliquorum</span> <span class='ocrx_word' id='word_1_25' title='bbox 617 841 826 935; x_wconf 89' lang='lat' dir='ltr'>aliorum</span> <span class='ocrx_word' id='word_1_26' title='bbox 872 840 1114 979; x_wconf 89' lang='lat' dir='ltr'>rincipum</span> <span class='ocrx_word' id='word_1_27' title='bbox 1134 837 1198 931; x_wconf 84' lang='lat' dir='ltr'>est</span> <span class='ocrx_word' id='word_1_28' title='bbox 1221 838 1422 934; x_wconf 88' lang='lat' dir='ltr'>electus.</span> <span class='ocrx_word' id='word_1_29' title='bbox 1454 842 1540 965; x_wconf 91' lang='lat' dir='ltr'>qui</span> <span class='ocrx_word' id='word_1_30' title='bbox 1559 840 1718 937; x_wconf 86' lang='lat' dir='ltr'>subito</span> <span class='ocrx_word' id='word_1_31' title='bbox 1741 874 1839 937; x_wconf 91' lang='lat' dir='ltr'>vna</span> 
     </span>
     <span class='ocr_line' id='line_1_6' title="bbox 181 953 1934 1096; baseline 0 -42"><span class='ocrx_word' id='word_1_32' title='bbox 181 1012 185 1019; x_wconf 84' lang='lat'><em>.</em></span> <span class='ocrx_word' id='word_1_33' title='bbox 325 988 438 1054; x_wconf 85' lang='lat' dir='ltr'>cunr</span> <span class='ocrx_word' id='word_1_34' title='bbox 462 958 687 1053; x_wconf 81' lang='lat' dir='ltr'>consorte</span> <span class='ocrx_word' id='word_1_35' title='bbox 716 957 808 1053; x_wconf 90' lang='lat' dir='ltr'>sua.</span> <span class='ocrx_word' id='word_1_36' title='bbox 883 953 1339 1085; x_wconf 85' lang='lat' dir='ltr'>egahDyademate</span> <span class='ocrx_word' id='word_1_37' title='bbox 1362 956 1546 1096; x_wconf 79' lang='lat' dir='ltr'>(apud)</span> <span class='ocrx_word' id='word_1_38' title='bbox 1572 958 1713 1086; x_wconf 89' lang='lat' dir='ltr'>aquis</span> <span class='ocrx_word' id='word_1_39' title='bbox 1731 990 1838 1086; x_wconf 89' lang='lat' dir='ltr'>gra·</span> <span class='ocrx_word' id='word_1_40' title='bbox 1929 991 1934 997; x_wconf 83' lang='lat'>·</span> 
     </span>
     <span class='ocr_line' id='line_1_7' title="bbox 323 1073 1839 1203; baseline 0.001 -32"><span class='ocrx_word' id='word_1_41' title='bbox 323 1104 443 1171; x_wconf 92' lang='lat' dir='ltr'>num</span> <span class='ocrx_word' id='word_1_42' title='bbox 477 1090 755 1171; x_wconf 86' lang='lat' dir='ltr'><strong>coronatur.</strong></span> <span class='ocrx_word' id='word_1_43' title='bbox 815 1074 1125 1201; x_wconf 87' lang='lat' dir='ltr'>Ratispone.</span> <span class='ocrx_word' id='word_1_44' title='bbox 1162 1073 1486 1198; x_wconf 78' lang='lat' dir='ltr'>Episcopatus</span> <span class='ocrx_word' id='word_1_45' title='bbox 1519 1104 1636 1203; x_wconf 87' lang='lat' dir='ltr'>1gnc</span> <span class='ocrx_word' id='word_1_46' title='bbox 1669 1074 1839 1173; x_wconf 89' lang='lat' dir='ltr'>dorne·</span> 
     </span>
     <span class='ocr_line' id='line_1_8' title="bbox 325 1190 1722 1288; baseline -0.006 -1"><span class='ocrx_word' id='word_1_47' title='bbox 325 1190 439 1288; x_wconf 79' lang='lat' dir='ltr'>llico</span> <span class='ocrx_word' id='word_1_48' title='bbox 466 1193 777 1287; x_wconf 88' lang='lat' dir='ltr'>consumitur.</span> <span class='ocrx_word' id='word_1_49' title='bbox 1475 1270 1478 1274; x_wconf 92' lang='lat'>.</span> <span class='ocrx_word' id='word_1_50' title='bbox 1714 1244 1722 1265; x_wconf 53' lang='grc' dir='ltr'><em>ι</em></span> 
     </span>
     <span class='ocr_line' id='line_1_9' title="bbox 298 1308 1905 1436; baseline -0.001 -31"><span class='ocrx_word' id='word_1_51' title='bbox 298 1368 300 1371; x_wconf 94' lang='grc'>-</span> <span class='ocrx_word' id='word_1_52' title='bbox 439 1310 527 1405; x_wconf 70' lang='grc' dir='ltr'>Μ“.</span> <span class='ocrx_word' id='word_1_53' title='bbox 543 1310 795 1431; x_wconf 85' lang='lat' dir='ltr'>cclxxiiij&#39;.</span> <span class='ocrx_word' id='word_1_54' title='bbox 841 1308 943 1405; x_wconf 88' lang='lat' dir='ltr'>Gre</span> <span class='ocrx_word' id='word_1_55' title='bbox 979 1310 1111 1403; x_wconf 92' lang='lat' dir='ltr'>orius</span> <span class='ocrx_word' id='word_1_56' title='bbox 1145 1338 1290 1435; x_wconf 91' lang='lat' dir='ltr'>papa.</span> <span class='ocrx_word' id='word_1_57' title='bbox 1313 1324 1391 1400; x_wconf 58' lang='lat' dir='ltr'>xm·</span> <span class='ocrx_word' id='word_1_58' title='bbox 1419 1309 1685 1404; x_wconf 81' lang='lat' dir='ltr'>concilium</span> <span class='ocrx_word' id='word_1_59' title='bbox 1708 1308 1839 1436; x_wconf 87' lang='lat' dir='ltr'>Lug·</span> <span class='ocrx_word' id='word_1_60' title='bbox 1900 1362 1905 1372; x_wconf 93' lang='lat'>·</span> 
     </span>
     <span class='ocr_line' id='line_1_10' title="bbox 181 1338 1837 1637; baseline 0.001 -116"><span class='ocrx_word' id='word_1_61' title='bbox 181 1459 186 1471; x_wconf 60' lang='lat'><em>²</em></span> <span class='ocrx_word' id='word_1_62' title='bbox 322 1426 454 1565; x_wconf 85' lang='lat' dir='ltr'>dunc</span> <span class='ocrx_word' id='word_1_63' title='bbox 475 1428 740 1637; x_wconf 47' lang='lat' dir='ltr'>(Lugdunss</span> <span class='ocrx_word' id='word_1_64' title='bbox 755 1428 807 1521; x_wconf 94' lang='lat' dir='ltr'>in</span> <span class='ocrx_word' id='word_1_65' title='bbox 832 1338 1180 1565; x_wconf 71' lang='lat' dir='ltr'>menleMayo.</span> <span class='ocrx_word' id='word_1_66' title='bbox 1208 1455 1319 1563; x_wconf 82' lang='lat' dir='ltr'>cunr</span> <span class='ocrx_word' id='word_1_67' title='bbox 1341 1425 1490 1565; x_wconf 79' lang='lat' dir='ltr'>mille.</span> <span class='ocrx_word' id='word_1_68' title='bbox 1505 1429 1722 1547; x_wconf 80' lang='lat' dir='ltr'>ccxxiiij.</span> <span class='ocrx_word' id='word_1_69' title='bbox 1745 1430 1837 1522; x_wconf 88' lang='lat' dir='ltr'>Ar·</span> 
     </span>
    </p>

    <p class='ocr_par' dir='ltr' id='par_1_5' title="bbox 324 1542 1840 1755">
     <span class='ocr_line' id='line_1_11' title="bbox 324 1542 1840 1755; baseline 0.002 -116"><span class='ocrx_word' id='word_1_70' title='bbox 324 1544 664 1755; x_wconf 56' lang='lat' dir='ltr'>chreprscoprs.</span> <span class='ocrx_word' id='word_1_71' title='bbox 741 1544 966 1671; x_wconf 87' lang='lat' dir='ltr'>piscoprs.</span> <span class='ocrx_word' id='word_1_72' title='bbox 999 1542 1258 1638; x_wconf 86' lang='lat' dir='ltr'>abbatrbus</span> <span class='ocrx_word' id='word_1_73' title='bbox 1283 1542 1504 1639; x_wconf 74' lang='lat' dir='ltr'>infulatis</span> <span class='ocrx_word' id='word_1_74' title='bbox 1536 1543 1840 1645; x_wconf 81' lang='lat' dir='ltr'>sollemniter</span> 
     </span>
    </p>
   </div>
   <div class='ocr_carea' id='block_1_5' title="bbox 319 1776 1935 2837">
    <p class='ocr_par' dir='ltr' id='par_1_6' title="bbox 319 1776 1935 2837">
     <span class='ocr_line' id='line_1_12' title="bbox 321 1776 1906 1899; baseline 0.002 -28"><span class='ocrx_word' id='word_1_75' title='bbox 321 1778 387 1872; x_wconf 88' lang='lat' dir='ltr'>ad</span> <span class='ocrx_word' id='word_1_76' title='bbox 408 1780 468 1899; x_wconf 88' lang='lat' dir='ltr'>vj.</span> <span class='ocrx_word' id='word_1_77' title='bbox 495 1808 653 1872; x_wconf 90' lang='lat' dir='ltr'>annos</span> <span class='ocrx_word' id='word_1_78' title='bbox 688 1779 740 1870; x_wconf 91' lang='lat' dir='ltr'>in</span> <span class='ocrx_word' id='word_1_79' title='bbox 770 1777 1025 1875; x_wconf 80' lang='lat' dir='ltr'>subsidium</span> <span class='ocrx_word' id='word_1_80' title='bbox 1055 1780 1219 1873; x_wconf 87' lang='lat' dir='ltr'>sancte</span> <span class='ocrx_word' id='word_1_81' title='bbox 1251 1792 1382 1873; x_wconf 86' lang='lat' dir='ltr'>terre</span> <span class='ocrx_word' id='word_1_82' title='bbox 1413 1778 1552 1874; x_wconf 87' lang='lat' dir='ltr'>Dare</span> <span class='ocrx_word' id='word_1_83' title='bbox 1584 1776 1837 1874; x_wconf 80' lang='lat' dir='ltr'>constituit.</span> <span class='ocrx_word' id='word_1_84' title='bbox 1904 1783 1906 1787; x_wconf 77' lang='grc'><strong>’</strong></span> 
     </span>
     <span class='ocr_line' id='line_1_13' title="bbox 322 1894 1838 2021; baseline 0 -32"><span class='ocrx_word' id='word_1_85' title='bbox 322 1909 373 1989; x_wconf 89' lang='lat' dir='ltr'>et</span> <span class='ocrx_word' id='word_1_86' title='bbox 401 1894 708 2021; x_wconf 88' lang='lat' dir='ltr'>principibus</span> <span class='ocrx_word' id='word_1_87' title='bbox 742 1895 1007 1993; x_wconf 89' lang='lat' dir='ltr'>christianis</span> <span class='ocrx_word' id='word_1_88' title='bbox 1044 1895 1274 1991; x_wconf 87' lang='lat' dir='ltr'>omnibus</span> <span class='ocrx_word' id='word_1_89' title='bbox 1314 1927 1491 2021; x_wconf 90' lang='lat' dir='ltr'>pacem</span> <span class='ocrx_word' id='word_1_90' title='bbox 1525 1895 1589 1989; x_wconf 89' lang='lat' dir='ltr'>ad</span> <span class='ocrx_word' id='word_1_91' title='bbox 1622 1896 1838 2015; x_wconf 88' lang='lat' dir='ltr'>supradi-</span> 
     </span>
     <span class='ocr_line' id='line_1_14' title="bbox 330 2010 1920 2136; baseline 0.001 -29"><span class='ocrx_word' id='word_1_92' title='bbox 330 2059 341 2086; x_wconf 58' lang='grc' dir='ltr'><strong><em>ν</em></strong></span> <span class='ocrx_word' id='word_1_93' title='bbox 382 2045 429 2107; x_wconf 74' lang='grc' dir='ltr'>ιε</span> <span class='ocrx_word' id='word_1_94' title='bbox 454 2042 624 2107; x_wconf 90' lang='lat' dir='ltr'>annos.</span> <span class='ocrx_word' id='word_1_95' title='bbox 648 2013 704 2131; x_wconf 84' lang='lat' dir='ltr'>vj.</span> <span class='ocrx_word' id='word_1_96' title='bbox 732 2013 957 2131; x_wconf 84' lang='lat' dir='ltr'>indicens</span> <span class='ocrx_word' id='word_1_97' title='bbox 981 2015 1283 2109; x_wconf 90' lang='lat' dir='ltr'>conseruare.</span> <span class='ocrx_word' id='word_1_98' title='bbox 1354 2010 1838 2136; x_wconf 89' lang='lat' dir='ltr'>Ipsevcrodominus</span> <span class='ocrx_word' id='word_1_99' title='bbox 1916 2081 1920 2092; x_wconf 83' lang='lat'>·</span> 
     </span>
     <span class='ocr_line' id='line_1_15' title="bbox 363 2128 1839 2255; baseline -0.001 -31"><span class='ocrx_word' id='word_1_100' title='bbox 363 2128 613 2251; x_wconf 84' lang='lat' dir='ltr'>ostolicus</span> <span class='ocrx_word' id='word_1_101' title='bbox 648 2158 758 2224; x_wconf 90' lang='lat' dir='ltr'>cum</span> <span class='ocrx_word' id='word_1_102' title='bbox 778 2128 1002 2224; x_wconf 88' lang='lat' dir='ltr'>Rudolfo</span> <span class='ocrx_word' id='word_1_103' title='bbox 1032 2159 1148 2255; x_wconf 85' lang='lat' dir='ltr'>rege</span> <span class='ocrx_word' id='word_1_104' title='bbox 1171 2128 1510 2223; x_wconf 87' lang='lat' dir='ltr'>Romanorum</span> <span class='ocrx_word' id='word_1_105' title='bbox 1546 2130 1598 2221; x_wconf 93' lang='lat' dir='ltr'>in</span> <span class='ocrx_word' id='word_1_106' title='bbox 1619 2128 1839 2223; x_wconf 85' lang='lat' dir='ltr'>futurum</span> 
     </span>
     <span class='ocr_line' id='line_1_16' title="bbox 393 2242 1864 2369; baseline 0 -29"><span class='ocrx_word' id='word_1_107' title='bbox 393 2261 675 2369; x_wconf 75' lang='lat' dir='ltr'>potatorem</span> <span class='ocrx_word' id='word_1_108' title='bbox 696 2246 925 2369; x_wconf 85' lang='lat' dir='ltr'>promisit.</span> <span class='ocrx_word' id='word_1_109' title='bbox 959 2277 1069 2340; x_wconf 92' lang='lat' dir='ltr'>cum</span> <span class='ocrx_word' id='word_1_110' title='bbox 1094 2243 1229 2339; x_wconf 86' lang='lat' dir='ltr'>millo</span> <span class='ocrx_word' id='word_1_111' title='bbox 1254 2242 1490 2337; x_wconf 89' lang='lat' dir='ltr'>militibus</span> <span class='ocrx_word' id='word_1_112' title='bbox 1513 2242 1864 2340; x_wconf 69' lang='lat' dir='ltr'>transfretare·</span> 
     </span>
     <span class='ocr_line' id='line_1_17' title="bbox 323 2358 1837 2489; baseline 0.001 -36"><span class='ocrx_word' id='word_1_113' title='bbox 323 2376 447 2454; x_wconf 85' lang='lat' dir='ltr'>tem</span> <span class='ocrx_word' id='word_1_114' title='bbox 471 2362 695 2487; x_wconf 85' lang='lat' dir='ltr'>Vigiliam</span> <span class='ocrx_word' id='word_1_115' title='bbox 722 2364 1002 2489; x_wconf 81' lang='lat' dir='ltr'>Epiphanio</span> <span class='ocrx_word' id='word_1_116' title='bbox 1034 2377 1086 2456; x_wconf 86' lang='lat' dir='ltr'>et</span> <span class='ocrx_word' id='word_1_117' title='bbox 1106 2361 1339 2487; x_wconf 85' lang='lat' dir='ltr'>Vigiliam</span> <span class='ocrx_word' id='word_1_118' title='bbox 1362 2390 1390 2452; x_wconf 90' lang='lat' dir='ltr'>a</span> <span class='ocrx_word' id='word_1_119' title='bbox 1429 2358 1693 2455; x_wconf 83' lang='lat' dir='ltr'>ostolorum</span> <span class='ocrx_word' id='word_1_120' title='bbox 1722 2363 1837 2456; x_wconf 89' lang='lat' dir='ltr'>Phi-</span> 
     </span>
     <span class='ocr_line' id='line_1_18' title="bbox 320 2390 1835 2603; baseline 0.003 -34"><span class='ocrx_word' id='word_1_121' title='bbox 320 2477 447 2603; x_wconf 89' lang='lat' dir='ltr'>lippi</span> <span class='ocrx_word' id='word_1_122' title='bbox 481 2492 533 2570; x_wconf 88' lang='lat' dir='ltr'>et</span> <span class='ocrx_word' id='word_1_123' title='bbox 563 2475 743 2571; x_wconf 86' lang='lat' dir='ltr'>Iacobi.</span> <span class='ocrx_word' id='word_1_124' title='bbox 779 2494 829 2572; x_wconf 89' lang='lat' dir='ltr'>et</span> <span class='ocrx_word' id='word_1_125' title='bbox 855 2480 1028 2574; x_wconf 90' lang='lat' dir='ltr'>feriam</span> <span class='ocrx_word' id='word_1_126' title='bbox 1052 2481 1256 2573; x_wconf 83' lang='lat' dir='ltr'>terciam</span> <span class='ocrx_word' id='word_1_127' title='bbox 1293 2479 1345 2570; x_wconf 89' lang='lat' dir='ltr'>in</span> <span class='ocrx_word' id='word_1_128' title='bbox 1382 2390 1557 2571; x_wconf 72' lang='lat' dir='ltr'>diebus</span> <span class='ocrx_word' id='word_1_129' title='bbox 1588 2476 1670 2572; x_wconf 88' lang='lat' dir='ltr'>Ro</span> <span class='ocrx_word' id='word_1_130' title='bbox 1705 2482 1835 2575; x_wconf 90' lang='lat' dir='ltr'>acio·</span> 
     </span>
     <span class='ocr_line' id='line_1_19' title="bbox 319 2508 1833 2805; baseline 0.002 -118"><span class='ocrx_word' id='word_1_131' title='bbox 319 2624 451 2688; x_wconf 90' lang='lat' dir='ltr'>num.</span> <span class='ocrx_word' id='word_1_132' title='bbox 529 2626 589 2687; x_wconf 88' lang='lat' dir='ltr'>ue</span> <span class='ocrx_word' id='word_1_133' title='bbox 654 2594 752 2686; x_wconf 91' lang='lat' dir='ltr'>rius</span> <span class='ocrx_word' id='word_1_134' title='bbox 786 2628 877 2718; x_wconf 90' lang='lat' dir='ltr'>per</span> <span class='ocrx_word' id='word_1_135' title='bbox 901 2594 1167 2719; x_wconf 86' lang='lat' dir='ltr'>Dyocesrm</span> <span class='ocrx_word' id='word_1_136' title='bbox 1195 2595 1642 2805; x_wconf 36' lang='lat' dir='ltr'>archiepiscopatus</span> <span class='ocrx_word' id='word_1_137' title='bbox 1671 2508 1833 2691; x_wconf 58' lang='lat' dir='ltr'>§alez-</span> 
     </span>
     <span class='ocr_line' id='line_1_20' title="bbox 1374 2710 1935 2837; baseline 0.012 -36"><span class='ocrx_word' id='word_1_138' title='bbox 1374 2710 1622 2803; x_wconf 85' lang='lat' dir='ltr'>ubitanter</span> <span class='ocrx_word' id='word_1_139' title='bbox 1653 2714 1832 2837; x_wconf 86' lang='lat' dir='ltr'>Depo·</span> <span class='ocrx_word' id='word_1_140' title='bbox 1931 2782 1935 2787; x_wconf 85' lang='lat'>-</span> 
     </span>
    </p>
   </div>
   <div class='ocr_carea' id='block_1_6' title="bbox 262 2742 1971 3041">
    <p class='ocr_par' dir='ltr' id='par_1_7' title="bbox 262 2742 1971 3041">
     <span class='ocr_line' id='line_1_21' title="bbox 262 2742 1971 3041; baseline 0.005 -121"><span class='ocrx_word' id='word_1_141' title='bbox 262 2742 410 2922; x_wconf 71' lang='lat' dir='ltr'>luit</span> <span class='ocrx_word' id='word_1_142' title='bbox 442 2831 674 2921; x_wconf 87' lang='lat' dir='ltr'>ierunare.</span> <span class='ocrx_word' id='word_1_143' title='bbox 752 2828 875 2921; x_wconf 91' lang='lat' dir='ltr'>Item</span> <span class='ocrx_word' id='word_1_144' title='bbox 903 2824 1092 2921; x_wconf 80' lang='lat' dir='ltr'>Festum</span> <span class='ocrx_word' id='word_1_145' title='bbox 1117 2826 1271 2919; x_wconf 91' lang='lat' dir='ltr'>sancti</span> <span class='ocrx_word' id='word_1_146' title='bbox 1292 2826 1546 3041; x_wconf 43' lang='lat' dir='ltr'>Auffiustini</span> <span class='ocrx_word' id='word_1_147' title='bbox 1564 2828 1832 2953; x_wconf 78' lang='lat' dir='ltr'>yponensis</span> <span class='ocrx_word' id='word_1_148' title='bbox 1968 2922 1971 2929; x_wconf 84' lang='lat'>.</span> 
     </span>
    </p>
   </div>
   <div class='ocr_carea' id='block_1_7' title="bbox 316 2940 1927 3392">
    <p class='ocr_par' dir='ltr' id='par_1_8' title="bbox 316 2940 1927 3392">
     <span class='ocr_line' id='line_1_22' title="bbox 320 2940 1912 3158; baseline 0.002 -122"><span class='ocrx_word' id='word_1_149' title='bbox 320 2944 548 3158; x_wconf 55' lang='lat' dir='ltr'>episcopi</span> <span class='ocrx_word' id='word_1_150' title='bbox 573 2946 633 3038; x_wconf 71' lang='grc' dir='ltr'>ν’.</span> <span class='ocrx_word' id='word_1_151' title='bbox 658 2942 898 3041; x_wconf 83' lang='lat' dir='ltr'>kalendas</span> <span class='ocrx_word' id='word_1_152' title='bbox 921 2944 967 3039; x_wconf 88' lang='lat' dir='ltr'>se</span> <span class='ocrx_word' id='word_1_153' title='bbox 1003 2940 1221 3038; x_wconf 88' lang='lat' dir='ltr'>tembris.</span> <span class='ocrx_word' id='word_1_154' title='bbox 1244 2944 1310 3039; x_wconf 92' lang='lat' dir='ltr'>Et</span> <span class='ocrx_word' id='word_1_155' title='bbox 1330 2944 1380 3040; x_wconf 85' lang='lat' dir='ltr'>fe</span> <span class='ocrx_word' id='word_1_156' title='bbox 1419 2974 1502 3038; x_wconf 90' lang='lat' dir='ltr'>unr</span> <span class='ocrx_word' id='word_1_157' title='bbox 1523 2941 1677 3040; x_wconf 86' lang='lat' dir='ltr'>lancti</span> <span class='ocrx_word' id='word_1_158' title='bbox 1696 2944 1833 3042; x_wconf 89' lang='lat' dir='ltr'>Rud·</span> <span class='ocrx_word' id='word_1_159' title='bbox 1908 3051 1912 3056; x_wconf 53' lang='grc'>,</span> 
     </span>
     <span class='ocr_line' id='line_1_23' title="bbox 317 3075 1832 3281; baseline 0.001 -7"><span class='ocrx_word' id='word_1_160' title='bbox 317 3075 697 3278; x_wconf 50' lang='lat' dir='ltr'>Elillhconstituit</span> <span class='ocrx_word' id='word_1_161' title='bbox 717 3179 980 3273; x_wconf 88' lang='lat' dir='ltr'>celebrare.</span> <span class='ocrx_word' id='word_1_162' title='bbox 1026 3219 1028 3224; x_wconf 95' lang='lat'>·</span> <span class='ocrx_word' id='word_1_163' title='bbox 1073 3193 1175 3271; x_wconf 85' lang='lat' dir='ltr'>tem</span> <span class='ocrx_word' id='word_1_164' title='bbox 1241 3179 1387 3281; x_wconf 89' lang='lat' dir='ltr'>odem</span> <span class='ocrx_word' id='word_1_165' title='bbox 1402 3207 1548 3274; x_wconf 93' lang='lat' dir='ltr'>anno.</span> <span class='ocrx_word' id='word_1_166' title='bbox 1571 3180 1832 3276; x_wconf 90' lang='lat' dir='ltr'>Otakarus.</span> 
     </span>
     <span class='ocr_line' id='line_1_24' title="bbox 316 3291 1927 3392; baseline -0.001 0"><span class='ocrx_word' id='word_1_167' title='bbox 316 3327 405 3392; x_wconf 91' lang='lat' dir='ltr'>rex</span> <span class='ocrx_word' id='word_1_168' title='bbox 426 3295 680 3390; x_wconf 88' lang='lat' dir='ltr'>Bohemie.</span> <span class='ocrx_word' id='word_1_169' title='bbox 706 3293 823 3386; x_wconf 93' lang='lat' dir='ltr'>dum</span> <span class='ocrx_word' id='word_1_170' title='bbox 846 3294 1005 3388; x_wconf 88' lang='lat' dir='ltr'>adhuc</span> <span class='ocrx_word' id='word_1_171' title='bbox 1027 3291 1263 3387; x_wconf 85' lang='lat' dir='ltr'>Rudolffo</span> <span class='ocrx_word' id='word_1_172' title='bbox 1289 3295 1452 3390; x_wconf 87' lang='lat' dir='ltr'>electo</span> <span class='ocrx_word' id='word_1_173' title='bbox 1477 3325 1530 3388; x_wconf 90' lang='lat' dir='ltr'>re</span> <span class='ocrx_word' id='word_1_174' title='bbox 1565 3300 1582 3389; x_wconf 92' lang='lat' dir='ltr'>i</span> <span class='ocrx_word' id='word_1_175' title='bbox 1603 3326 1832 3390; x_wconf 88' lang='lat' dir='ltr'>romano·</span> <span class='ocrx_word' id='word_1_176' title='bbox 1919 3317 1927 3324; x_wconf 83' lang='lat'>&#39;</span> 
     </span>
    </p>
   </div>
   <div class='ocr_carea' id='block_1_8' title="bbox 468 1656 2013 1788">
    <p class='ocr_par' dir='ltr' id='par_1_9' title="bbox 468 1656 2013 1788">
     <span class='ocr_line' id='line_1_25' title="bbox 468 1656 2013 1788; baseline -0.006 -33"><span class='ocrx_word' id='word_1_177' title='bbox 468 1675 608 1755; x_wconf 82' lang='lat' dir='ltr'>raurt.</span> <span class='ocrx_word' id='word_1_178' title='bbox 640 1659 709 1753; x_wconf 93' lang='lat' dir='ltr'>ibi</span> <span class='ocrx_word' id='word_1_179' title='bbox 730 1661 915 1756; x_wconf 88' lang='lat' dir='ltr'>clerum</span> <span class='ocrx_word' id='word_1_180' title='bbox 935 1656 1196 1756; x_wconf 84' lang='lat' dir='ltr'>Decimam</span> <span class='ocrx_word' id='word_1_181' title='bbox 1215 1660 1299 1754; x_wconf 89' lang='lat' dir='ltr'>De</span> <span class='ocrx_word' id='word_1_182' title='bbox 1315 1663 1452 1757; x_wconf 92' lang='lat' dir='ltr'>omni</span> <span class='ocrx_word' id='word_1_183' title='bbox 1470 1675 1719 1788; x_wconf 86' lang='lat' dir='ltr'>prouentu</span> <span class='ocrx_word' id='word_1_184' title='bbox 1740 1663 1839 1758; x_wconf 87' lang='lat' dir='ltr'>suo.</span> <span class='ocrx_word' id='word_1_185' title='bbox 1912 1765 1917 1773; x_wconf 11' lang='lat' dir='ltr'>p</span> <span class='ocrx_word' id='word_1_186' title='bbox 1972 1728 2013 1775; x_wconf 22' lang='lat'>⁸,</span> 
     </span>
    </p>
   </div>
   <div class='ocr_carea' id='block_1_9' title="bbox 521 3061 2013 3270">
    <p class='ocr_par' dir='ltr' id='par_1_10' title="bbox 521 3061 2013 3270">
     <span class='ocr_line' id='line_1_26' title="bbox 521 3061 2013 3270; baseline 0.002 -115"><span class='ocrx_word' id='word_1_187' title='bbox 521 3062 871 3186; x_wconf 85' lang='lat' dir='ltr'>alczpurgenlis</span> <span class='ocrx_word' id='word_1_188' title='bbox 892 3093 973 3156; x_wconf 90' lang='lat' dir='ltr'>arc</span> <span class='ocrx_word' id='word_1_189' title='bbox 1013 3061 1189 3270; x_wconf 72' lang='lat' dir='ltr'>‘episco</span> <span class='ocrx_word' id='word_1_190' title='bbox 1227 3063 1257 3154; x_wconf 90' lang='lat' dir='ltr'>i.</span> <span class='ocrx_word' id='word_1_191' title='bbox 1280 3065 1395 3185; x_wconf 78' lang='lat' dir='ltr'>viij&#39;.</span> <span class='ocrx_word' id='word_1_192' title='bbox 1415 3061 1657 3184; x_wconf 81' lang='lat' dir='ltr'>kalendas</span> <span class='ocrx_word' id='word_1_193' title='bbox 1679 3065 1833 3161; x_wconf 89' lang='lat' dir='ltr'>Octo·</span> <span class='ocrx_word' id='word_1_194' title='bbox 2009 3093 2013 3098; x_wconf 84' lang='lat'><strong>·</strong></span> 
     </span>
    </p>
   </div>
   <div class='ocr_carea' id='block_1_10' title="bbox 207 3323 2066 3514">
    <p class='ocr_par' dir='ltr' id='par_1_11' title="bbox 207 3323 2066 3514">
     <span class='ocr_line' id='line_1_27' title="bbox 207 3323 2066 3514; baseline -0.008 0"><span class='ocrx_word' id='word_1_195' title='bbox 207 3447 211 3456; x_wconf 86' lang='grc'>·</span> <span class='ocrx_word' id='word_1_196' title='bbox 278 3416 289 3427; x_wconf 76' lang='grc'><strong>’</strong></span> <span class='ocrx_word' id='word_1_197' title='bbox 318 3445 425 3510; x_wconf 91' lang='lat' dir='ltr'>rum</span> <span class='ocrx_word' id='word_1_198' title='bbox 449 3412 564 3506; x_wconf 87' lang='lat' dir='ltr'>esset</span> <span class='ocrx_word' id='word_1_199' title='bbox 587 3411 875 3504; x_wconf 88' lang='lat' dir='ltr'>contrarius.</span> <span class='ocrx_word' id='word_1_200' title='bbox 904 3408 1213 3503; x_wconf 86' lang='lat' dir='ltr'>confiderans</span> <span class='ocrx_word' id='word_1_201' title='bbox 1242 3407 1417 3505; x_wconf 87' lang='lat' dir='ltr'>sutura.</span> <span class='ocrx_word' id='word_1_202' title='bbox 1455 3323 1644 3510; x_wconf 60' lang='lat' dir='ltr'>obddes</span> <span class='ocrx_word' id='word_1_203' title='bbox 1679 3428 1830 3507; x_wconf 85' lang='lat' dir='ltr'>terra·</span> <span class='ocrx_word' id='word_1_204' title='bbox 1875 3462 1877 3465; x_wconf 94' lang='lat'>·</span> <span class='ocrx_word' id='word_1_205' title='bbox 1915 3512 1918 3514; x_wconf 51' lang='grc'>,</span> <span class='ocrx_word' id='word_1_206' title='bbox 2062 3391 2066 3398; x_wconf 56' lang='grc'>’</span> 
     </span>
    </p>
   </div>
   <div class='ocr_carea' id='block_1_11' title="bbox 180 3525 1928 4828">
    <p class='ocr_par' dir='ltr' id='par_1_12' title="bbox 316 3525 1830 3624">
     <span class='ocr_line' id='line_1_28' title="bbox 316 3525 1830 3624; baseline 0.001 -2"><span class='ocrx_word' id='word_1_207' title='bbox 316 3560 438 3624; x_wconf 85' lang='lat' dir='ltr'>rum.</span> <span class='ocrx_word' id='word_1_208' title='bbox 473 3527 641 3622; x_wconf 78' lang='lat' dir='ltr'>austrie</span> <span class='ocrx_word' id='word_1_209' title='bbox 681 3541 732 3620; x_wconf 88' lang='lat' dir='ltr'>ct</span> <span class='ocrx_word' id='word_1_210' title='bbox 759 3527 920 3622; x_wconf 84' lang='lat' dir='ltr'>Stirie.</span> <span class='ocrx_word' id='word_1_211' title='bbox 955 3525 1228 3621; x_wconf 89' lang='lat' dir='ltr'>Karinthie.</span> <span class='ocrx_word' id='word_1_212' title='bbox 1267 3542 1318 3621; x_wconf 85' lang='lat' dir='ltr'>et</span> <span class='ocrx_word' id='word_1_213' title='bbox 1351 3527 1596 3624; x_wconf 91' lang='lat' dir='ltr'>Carniole.</span> <span class='ocrx_word' id='word_1_214' title='bbox 1631 3559 1659 3622; x_wconf 92' lang='lat' dir='ltr'>a</span> <span class='ocrx_word' id='word_1_215' title='bbox 1690 3533 1830 3624; x_wconf 87' lang='lat' dir='ltr'>mini·</span> 
     </span>
    </p>

    <p class='ocr_par' dir='ltr' id='par_1_13' title="bbox 194 3644 1829 3857">
     <span class='ocr_line' id='line_1_29' title="bbox 316 3644 1829 3772; baseline -0.001 -29"><span class='ocrx_word' id='word_1_216' title='bbox 316 3645 583 3743; x_wconf 85' lang='lat' dir='ltr'>sterialibus</span> <span class='ocrx_word' id='word_1_217' title='bbox 608 3657 658 3738; x_wconf 86' lang='lat' dir='ltr'>et</span> <span class='ocrx_word' id='word_1_218' title='bbox 668 3645 945 3739; x_wconf 91' lang='lat' dir='ltr'>ciuitatibus</span> <span class='ocrx_word' id='word_1_219' title='bbox 969 3644 1540 3772; x_wconf 73' lang='lat' dir='ltr'>exegit&#39;quamplurimos</span> <span class='ocrx_word' id='word_1_220' title='bbox 1565 3648 1829 3772; x_wconf 87' lang='lat' dir='ltr'>etrecepit.</span> 
     </span>
     <span class='ocr_line' id='line_1_30' title="bbox 194 3762 1585 3857; baseline 0.002 -2"><span class='ocrx_word' id='word_1_221' title='bbox 194 3783 196 3786; x_wconf 82' lang='grc'><strong><em>·</em></strong></span> <span class='ocrx_word' id='word_1_222' title='bbox 606 3766 744 3857; x_wconf 84' lang='lat' dir='ltr'>Rubr.</span> <span class='ocrx_word' id='word_1_223' title='bbox 782 3763 865 3856; x_wconf 92' lang='lat' dir='ltr'>De</span> <span class='ocrx_word' id='word_1_224' title='bbox 897 3762 1118 3857; x_wconf 77' lang='lat' dir='ltr'>siccitate.</span> <span class='ocrx_word' id='word_1_225' title='bbox 1577 3803 1585 3816; x_wconf 87' lang='grc'>·</span> 
     </span>
    </p>

    <p class='ocr_par' dir='ltr' id='par_1_14' title="bbox 314 3875 1928 4116">
     <span class='ocr_line' id='line_1_31' title="bbox 432 3875 1829 4005; baseline 0.001 -31"><span class='ocrx_word' id='word_1_226' title='bbox 432 3877 598 3974; x_wconf 89' lang='lat' dir='ltr'>Princi</span> <span class='ocrx_word' id='word_1_227' title='bbox 637 3878 738 3971; x_wconf 89' lang='lat' dir='ltr'>ales</span> <span class='ocrx_word' id='word_1_228' title='bbox 775 3881 912 3979; x_wconf 78' lang='lat' dir='ltr'>nerui</span> <span class='ocrx_word' id='word_1_229' title='bbox 943 3875 1207 3974; x_wconf 91' lang='lat' dir='ltr'>conflando</span> <span class='ocrx_word' id='word_1_230' title='bbox 1233 3878 1468 4005; x_wconf 88' lang='lat' dir='ltr'>aquosum</span> <span class='ocrx_word' id='word_1_231' title='bbox 1493 3907 1658 3974; x_wconf 87' lang='lat' dir='ltr'>aerem</span> <span class='ocrx_word' id='word_1_232' title='bbox 1691 3893 1829 3975; x_wconf 85' lang='lat' dir='ltr'>extra</span> 
     </span>
     <span class='ocr_line' id='line_1_32' title="bbox 314 3911 1928 4116; baseline -0.001 -26"><span class='ocrx_word' id='word_1_233' title='bbox 314 4027 463 4092; x_wconf 90' lang='lat' dir='ltr'>mare.</span> <span class='ocrx_word' id='word_1_234' title='bbox 498 4010 549 4090; x_wconf 89' lang='lat' dir='ltr'>et</span> <span class='ocrx_word' id='word_1_235' title='bbox 569 3911 672 4116; x_wconf 82' lang='lat' dir='ltr'>alljs</span> <span class='ocrx_word' id='word_1_236' title='bbox 695 3996 972 4090; x_wconf 86' lang='lat' dir='ltr'>fluminibus</span> <span class='ocrx_word' id='word_1_237' title='bbox 992 3993 1338 4090; x_wconf 90' lang='lat' dir='ltr'>habundanter</span> <span class='ocrx_word' id='word_1_238' title='bbox 1359 3994 1538 4098; x_wconf 82' lang='lat' dir='ltr'>assidue</span> <span class='ocrx_word' id='word_1_239' title='bbox 1563 3994 1827 4089; x_wconf 88' lang='lat' dir='ltr'>ministran·</span> <span class='ocrx_word' id='word_1_240' title='bbox 1924 4109 1928 4116; x_wconf 84' lang='lat'><em>.</em></span> 
     </span>
    </p>

    <p class='ocr_par' dir='ltr' id='par_1_15' title="bbox 180 4109 1863 4828">
     <span class='ocr_line' id='line_1_33' title="bbox 315 4109 1828 4211; baseline -0.002 -3"><span class='ocrx_word' id='word_1_241' title='bbox 315 4131 390 4210; x_wconf 88' lang='lat' dir='ltr'>tes</span> <span class='ocrx_word' id='word_1_242' title='bbox 425 4114 594 4209; x_wconf 87' lang='lat' dir='ltr'>littora</span> <span class='ocrx_word' id='word_1_243' title='bbox 626 4113 785 4208; x_wconf 88' lang='lat' dir='ltr'>maris.</span> <span class='ocrx_word' id='word_1_244' title='bbox 819 4113 882 4207; x_wconf 88' lang='lat' dir='ltr'>ad</span> <span class='ocrx_word' id='word_1_245' title='bbox 904 4112 976 4208; x_wconf 84' lang='lat' dir='ltr'>L¹·</span> <span class='ocrx_word' id='word_1_246' title='bbox 988 4111 1148 4206; x_wconf 84' lang='lat' dir='ltr'>stadia.</span> <span class='ocrx_word' id='word_1_247' title='bbox 1176 4112 1356 4208; x_wconf 93' lang='lat' dir='ltr'>alicubi</span> <span class='ocrx_word' id='word_1_248' title='bbox 1381 4144 1445 4208; x_wconf 89' lang='lat' dir='ltr'>ex</span> <span class='ocrx_word' id='word_1_249' title='bbox 1502 4143 1568 4211; x_wconf 95' lang='lat' dir='ltr'>uo</span> <span class='ocrx_word' id='word_1_250' title='bbox 1593 4109 1828 4207; x_wconf 85' lang='lat' dir='ltr'>exsiccata</span> 
     </span>
     <span class='ocr_line' id='line_1_34' title="bbox 180 4219 1863 4358; baseline -0.001 -33"><span class='ocrx_word' id='word_1_251' title='bbox 180 4219 187 4236; x_wconf 73' lang='lat'><em>&#39;</em></span> <span class='ocrx_word' id='word_1_252' title='bbox 316 4233 424 4327; x_wconf 92' lang='lat' dir='ltr'>sunt</span> <span class='ocrx_word' id='word_1_253' title='bbox 443 4261 600 4358; x_wconf 88' lang='lat' dir='ltr'>prope</span> <span class='ocrx_word' id='word_1_254' title='bbox 625 4255 890 4325; x_wconf 83' lang='lat' dir='ltr'>anconam..</span> <span class='ocrx_word' id='word_1_255' title='bbox 939 4230 1065 4355; x_wconf 91' lang='lat' dir='ltr'>lapis</span> <span class='ocrx_word' id='word_1_256' title='bbox 1089 4228 1291 4355; x_wconf 91' lang='lat' dir='ltr'>quidam</span> <span class='ocrx_word' id='word_1_257' title='bbox 1321 4234 1489 4325; x_wconf 88' lang='lat' dir='ltr'>inmen</span> <span class='ocrx_word' id='word_1_258' title='bbox 1511 4261 1629 4325; x_wconf 88' lang='lat' dir='ltr'>usa</span> <span class='ocrx_word' id='word_1_259' title='bbox 1699 4234 1863 4324; x_wconf 87' lang='lat' dir='ltr'>aruit.</span> 
     </span>
     <span class='ocr_line' id='line_1_35' title="bbox 316 4346 1824 4474; baseline -0.001 -32"><span class='ocrx_word' id='word_1_260' title='bbox 316 4351 398 4474; x_wconf 90' lang='lat' dir='ltr'>qui</span> <span class='ocrx_word' id='word_1_261' title='bbox 423 4363 625 4442; x_wconf 89' lang='lat' dir='ltr'>actenus</span> <span class='ocrx_word' id='word_1_262' title='bbox 646 4346 836 4460; x_wconf 85' lang='lat' dir='ltr'>nonest</span> <span class='ocrx_word' id='word_1_263' title='bbox 855 4347 993 4442; x_wconf 87' lang='lat' dir='ltr'>visus.</span> <span class='ocrx_word' id='word_1_264' title='bbox 1064 4347 1130 4444; x_wconf 89' lang='lat' dir='ltr'>Sa</span> <span class='ocrx_word' id='word_1_265' title='bbox 1168 4349 1328 4443; x_wconf 89' lang='lat' dir='ltr'>ientcs</span> <span class='ocrx_word' id='word_1_266' title='bbox 1360 4350 1527 4473; x_wconf 87' lang='lat' dir='ltr'>itaque</span> <span class='ocrx_word' id='word_1_267' title='bbox 1559 4360 1612 4441; x_wconf 88' lang='lat' dir='ltr'>et</span> <span class='ocrx_word' id='word_1_268' title='bbox 1687 4360 1824 4441; x_wconf 92' lang='lat' dir='ltr'>octo·</span> 
     </span>
     <span class='ocr_line' id='line_1_36' title="bbox 312 4460 1825 4588; baseline -0.001 -30"><span class='ocrx_word' id='word_1_269' title='bbox 312 4495 395 4558; x_wconf 84' lang='lat' dir='ltr'>res</span> <span class='ocrx_word' id='word_1_270' title='bbox 409 4463 668 4588; x_wconf 81' lang='lat' dir='ltr'>¹stupefacti</span> <span class='ocrx_word' id='word_1_271' title='bbox 690 4460 931 4559; x_wconf 90' lang='lat' dir='ltr'>insolitam</span> <span class='ocrx_word' id='word_1_272' title='bbox 956 4465 1116 4558; x_wconf 88' lang='lat' dir='ltr'>anima</span> <span class='ocrx_word' id='word_1_273' title='bbox 1155 4478 1406 4560; x_wconf 86' lang='lat' dir='ltr'>uertentes</span> <span class='ocrx_word' id='word_1_274' title='bbox 1419 4464 1681 4559; x_wconf 78' lang='lat' dir='ltr'>siccitatem</span> <span class='ocrx_word' id='word_1_275' title='bbox 1702 4466 1825 4559; x_wconf 87' lang='lat' dir='ltr'>vati·</span> 
     </span>
     <span class='ocr_line' id='line_1_37' title="bbox 316 4579 1825 4706; baseline 0 -29"><span class='ocrx_word' id='word_1_276' title='bbox 316 4585 536 4677; x_wconf 86' lang='lat' dir='ltr'>cinantes</span> <span class='ocrx_word' id='word_1_277' title='bbox 569 4611 637 4706; x_wconf 91' lang='lat' dir='ltr'>po</span> <span class='ocrx_word' id='word_1_278' title='bbox 676 4580 759 4676; x_wconf 90' lang='lat' dir='ltr'>ulo</span> <span class='ocrx_word' id='word_1_279' title='bbox 790 4584 995 4676; x_wconf 89' lang='lat' dir='ltr'>&#39;nimiam</span> <span class='ocrx_word' id='word_1_280' title='bbox 1029 4580 1121 4675; x_wconf 83' lang='lat' dir='ltr'>else</span> <span class='ocrx_word' id='word_1_281' title='bbox 1150 4596 1409 4680; x_wconf 82' lang='lat' dir='ltr'>venturam</span> <span class='ocrx_word' id='word_1_282' title='bbox 1441 4579 1825 4682; x_wconf 82' lang='lat' dir='ltr'>mvndacionem</span> 
     </span>
     <span class='ocr_line' id='line_1_38' title="bbox 315 4611 1126 4828; baseline -0.001 -33"><span class='ocrx_word' id='word_1_283' title='bbox 315 4700 605 4828; x_wconf 83' lang='lat' dir='ltr'>pluuiarurn.</span> <span class='ocrx_word' id='word_1_284' title='bbox 637 4611 737 4818; x_wconf 67' lang='lat' dir='ltr'>llta</span> <span class='ocrx_word' id='word_1_285' title='bbox 759 4708 931 4800; x_wconf 74' lang='lat' dir='ltr'>omnim</span> <span class='ocrx_word' id='word_1_286' title='bbox 949 4700 1126 4822; x_wconf 78' lang='lat' dir='ltr'>codex.)</span> 
     </span>
    </p>
   </div>
   <div class='ocr_carea' id='block_1_12' title="bbox 814 4860 1767 5078">
    <p class='ocr_par' dir='ltr' id='par_1_16' title="bbox 814 4860 1767 5078">
     <span class='ocr_line' id='line_1_39' title="bbox 814 4860 1767 5078; baseline -0.003 -47"><span class='ocrx_word' id='word_1_287' title='bbox 814 4997 819 5005; x_wconf 91' lang='lat'>·</span> <span class='ocrx_word' id='word_1_288' title='bbox 876 5001 897 5078; x_wconf 80' lang='grc' dir='ltr'> </span> <span class='ocrx_word' id='word_1_289' title='bbox 966 4931 1228 5060; x_wconf 83' lang='lat' dir='ltr'><strong>‚·Kk3</strong></span> <span class='ocrx_word' id='word_1_290' title='bbox 1504 4860 1507 4866; x_wconf 14' lang='grc' dir='ltr'><strong><em>Ι</em></strong></span> <span class='ocrx_word' id='word_1_291' title='bbox 1603 4937 1767 5062; x_wconf 61' lang='grc' dir='ltr'>Μ».</span> 
     </span>
    </p>
   </div>
   <div class='ocr_carea' id='block_1_13' title="bbox 0 0 2364 6050">
    <p class='ocr_par' dir='ltr' id='par_1_17' title="bbox 0 0 2364 6050">
     <span class='ocr_line' id='line_1_40' title="bbox 0 0 2364 6050; baseline 0 7"><span class='ocrx_word' id='word_1_292' title='bbox 0 0 2364 6050; x_wconf 95' lang='lat' dir='ltr'> </span> 
     </span>
    </p>
   </div>
  </div>
 </body>
</html>
