4717 6050
648 472 725 549 430
762 379 764 385 Α
1004 440 1480 558 OBSERVATIONES
1507 438 1758 521 PRAEVIAE.

336 752 341 765 .
467 665 472 671 '
534 690 538 699 ·
595 589 932 733 'Laureacenlium
957 663 998 724 et
1027 648 1317 725 Patavienlium
1343 646 1567 723 Antistitum
1588 648 1771 751 syllogen
1799 650 1926 729 veluti
1947 653 2103 759 supple·

488 848 492 854 .
587 768 779 833 mentum
806 752 1011 844 adiecisse,
1036 750 1104 829 sub
1132 751 1247 828 huius
1273 750 1450 852 opusculi
1470 745 1625 827 initium
1651 754 1849 831 adfirmat
1900 756 2103 835 Postrema

598 855 822 933 lucubratio
849 855 1045 931 Friderici
1069 854 1139 929 ΙΙΙ.
1160 854 1322 956 Augusti
1340 855 1492 928 nomini
1519 855 1708 955 inscripta
1729 858 1799 933 est:
1833 858 1990 960 priores
2013 863 2103 939 duur

568 998 572 1007 ·
598 973 668 1037 aut
684 973 912 1061 temporum
923 960 1068 1035 iniuria
1078 959 1302 1060 perierunt,
1320 970 1388 1033 out
1405 960 1448 1033 in
1466 954 1632 1034 obscuro
1653 961 1829 1060 quodam
1847 964 1995 1067 angulo
2012 988 2104 1047 cunr

595 1062 717 1137 tineis
740 1063 945 1137 dimicant.
1592 1140 1601 1151 ¹

700 1164 751 1241 11.
793 1162 933 1265 Itaque
963 1158 1303 1266 chronographus
1337 1159 1465 1237 noster
1500 1162 1552 1237 ad
1588 1162 1759 1239 adultiuc
1793 1164 1978 1243 saeculum
2012 1166 2111 1244 XV.

600 1268 835 1346 chartaceus
854 1289 952 1341 vero
974 1264 1127 1357 codex,
1153 1268 1195 1339 in
1212 1264 1302 1339 folii
1319 1262 1471 1354 forma,
1500 1266 1565 1361 qui
1586 1267 1626 1338 in
1646 1264 1830 1342 Palatina
1846 1268 2101 1347 Bibliotheca

597 1374 702 1447 inter
725 1366 991 1443 eccleliallicae
1009 1367 1426 1469 historiaeScriptores
1445 1364 1610 1441 numero
1632 1366 1783 1444 XLVI.
1805 1370 1948 1463 exstat,
1975 1375 2027 1447 ad
2045 1374 2102 1448 se·

542 1478 547 1487 '
600 1474 754 1573 quentis
781 1468 912 1545 saeculi
939 1472 1092 1545 exitum
1119 1468 1352 1545 referendus
1377 1468 1441 1543 est.
1476 1468 1752 1545 Schritovinus
1775 1475 1817 1547 in
1837 1474 2033 1549 Vdaln'co
2052 1478 2110 1551 de

433 1636 439 1647 .
597 1571 783 1651 Nusdorf
798 1571 954 1663 definit,
983 1597 1102 1673 quem
1124 1597 1230 1650 anno
1255 1592 1364 1663 ¹45²·
1392 1568 1593 1673 (Hundius
1616 1576 1722 1647 arhro
1748 1573 1879 1694 1451.)
1905 1579 1946 1649 in
1969 1578 2101 1678 profe·

528 1680 529 1685 ’
599 1678 655 1755 llo
680 1676 756 1751 Ma
803 1676 916 1753 aritre
943 1674 1192 1776 Episcopum
1217 1672 1508 1749 Patavienlium
1535 1674 1777 1777 designatum
1811 1676 1920 1753 surlse
1958 1694 2102 1755 narrat.

592 1700 1082 1881 Excipitrgschritovmum
1099 1778 1342 1876 Anonymus
1363 1777 1546 1874 quidam,
1576 1782 1642 1875 qui
1661 1778 1889 1881 catalogum
1909 1804 2028 1879 uoque
2049 1782 2106 1857 ad

598 1880 803 1965 Ernestum
823 1877 1016 1957 Boiorum
1036 1879 1198 1957 Ducem
1213 1877 1485 1981 prosequitur,
1511 1903 1632 1979 quem
1654 1903 1759 1955 auno
1779 1908 1794 1955 r
1799 1887 1878 1975 514
1903 1878 2103 1983 (Hundiue

599 2009 705 2059 anno
728 1976 857 2084 15¹7·)
884 2001 934 2055 ex
945 1979 1199 2081 promotione
1217 1979 1491 2057 Maximiniani
1513 1982 1820 2061 themanorum
1829 1982 2111 2083 Imperatoris}

586 2084 783 2263 {epopftgtr
808 2084 945 2259 affluet
966 2083 1147 2259 unlffo
1161 2078 1392 2259 pntgftefflrrc
1411 2084 1453 2157 in
1469 2081 1842 2161 Administratorem
1857 2084 2095 2171 Patavienlie

637 2206 1305 2267 cceaeaumumureenr.
1695 2250 1699 2257 ,
2021 2266 2028 2269 ,

697 2287 768 2363 111.
806 2283 1049 2407 Clarissimus
1065 2286 1310 2361 Lambecius
1330 2286 1379 2361 L.
1389 2286 1440 2361 Π.
1469 2283 1573 2361 Bibl.
1591 2285 1770 2362 Vindob.
1787 2313 1879 2392 pag.
1890 2295 1976 2387 ⁶53·
1996 2294 2102 2366 inter·

596 2388 2100 2594 {tttlttplttitlttttttliltttttttttltftltltl‘ht

594 2600 839 2695 interceptus
869 2615 951 2669 non
978 2592 1165 2694 praellitit
1225 2595 1406 2693 lniquior
1422 2596 1464 2670 iu
1484 2592 1782 2670 Schritovinnm
1811 2592 2036 2674 Gentilotus
2055 2603 2101 2675 in

596 2697 664 2775 sua
691 2697 877 2773 codicum
904 2694 1181 2771 Palatinorum
1208 2696 1437 2775 recensione
1460 2696 1624 2798 negavit
1650 2720 1786 2796 operae
1812 2703 1985 2799 pretium
2005 2700 2102 2793 else,

595 2800 785 2879 eumdem
804 2800 915 2902 typis
937 2800 1152 2901 committi,
1189 2822 1241 2873 ea
1267 2796 1507 2897 potissimum
1531 2796 1669 2891 causa,
1691 2800 1800 2898 quod
1826 2824 1916 2875 cum
1937 2801 2107 2879 Hundio

595 2918 637 2979 et
665 2900 856 2977 Bruschio
889 2924 971 2975 non
1000 2901 1124 2975 modo
1151 2902 1193 2976 in
1219 2899 1432 2990 sententia,
1458 2898 1665 2974 sedetiam
1686 2902 1728 2973 in
1745 2900 1880 2976 verbis
1897 2904 2101 3005 saepissime

596 3003 824 3084 consentiat.
877 3004 934 3078 At
951 3028 1048 3078 vero
1069 3000 1177 3079 bona
1195 3005 1295 3076 tanti
1313 3004 1391 3081 viri
1407 3024 1532 3103 pace,
1558 3003 1614 3092 is,
1642 3004 1708 3101 qui
1735 3001 1900 3103 seposito
1926 3010 2105 3108 partium

595 3109 722 3184 lludio
741 3105 816 3181 hos
837 3119 917 3180 trer
932 3103 1170 3207 ‘Scriptores
1196 3108 1300 3180 inter
1317 3089 1368 3180 se'
1384 3105 1615 3195 contulerit,
1642 3104 1804 3180 diffiteri
1827 3132 1908 3182 non
1935 3115 2108 3211 poterit,

593 3212 721 3286 multa
750 3233 777 3286 a
807 3207 1063 3283 Schritovino
1097 3208 1257 3283 uberius
1287 3222 1328 3282 et
1356 3207 1578 3280 accuratius
1606 3230 1726 3304 quam
1756 3231 1783 3280 a
1802 3206 1906 3284 binis
1937 3215 2105 3312 reliquia

594 3311 765 3392 narrari.
824 3311 956 3398 Tum,
982 3309 1005 3382 fi
1034 3310 1198 3410 quidem
1215 3308 1361 3386 horum
1377 3310 1500 3408 aliqui
1519 3309 1648 3410 plagii
1668 3309 1789 3411 culpa
1805 3315 1973 3389 notandi
1994 3315 2076 3390 sunt
2081 3371 2098 3407 ,

593 3441 672 3491 non
692 3427 800 3489 certe
819 3411 1117 3502 Schritovinus,
1146 3425 1263 3488 aerate
1283 3412 1478 3502 anterior,
1503 3413 1544 3483 in
1563 3407 1715 3484 llundii
1742 3427 1783 3486 et
1805 3411 2005 3508 Bruschii,
2030 3417 2097 3493 sed

587 3518 637 3594 hi
660 3520 705 3592 in
736 3515 980 3591 Schritovini
1006 3515 1209 3616 peculium
1238 3515 1529 3588 involaverunt.
1583 3509 1705 3610 Quod
1739 3537 1828 3589 cum
1856 3519 1913 3590 ita
1939 3517 2001 3611 sit,
2036 3521 2104 3596 ius

593 3622 760 3721 exigere.
782 3618 960 3710 videtur,
988 3630 1030 3690 ut
1056 3616 1146 3691 sons
1172 3638 1325 3692 corona
1349 3617 1580 3705 decoretur,
1608 3627 1649 3687 et
1669 3630 1806 3715 partus
1825 3618 2005 3722 legitimo
2025 3646 2103 3723 pa*

589 3723 693 3798 renti
712 3719 908 3796 asseratur.
961 3720 1102 3818 ltaque
1130 3741 1222 3792 cum
1248 3715 1457 3791 clarissimo
1481 3717 1662 3791 Kollario
1690 3714 1973 3817 (commentia
1985 3723 2093 3800 Lam·

590 3829 664 3903 uec.
691 3824 734 3906 T.
757 3825 785 3899 s.
812 3821 882 3899 col.
901 3811 1085 3924 5901sq.)
1107 3817 1282 3894 Hanlizii
1302 3820 1492 3894 iudicium
1511 3819 1735 3919 amplector
1753 3845 1882 3922 eoque
1903 3825 2101 3920 inducor,

591 3942 634 4002 ut
649 3927 712 4000 illi
728 3927 832 3999 inter
853 3920 1078 4023 Scriptores
1096 3921 1322 3996 Austriacos
1341 3922 1526 3997 nondum
1545 3923 1674 3996 editos
1696 3923 1781 4023 poll
1797 3923 1996 4001 Benna-rdi¹
2010 3927 2091 4002 No·

426 4021 435 4032 ”
554 4061 556 4066 ·
587 4031 662 4103 rici
682 4025 870 4130 opuscula
886 4023 989 4098 hunc
1008 4025 1144 4098 locum
1161 4025 1358 4114 tribuam,
1384 4047 1530 4124 nempe
1551 4047 1669 4124 quem
1693 4029 1894 4126 praecipue
1915 4033 1963 4103 in
1979 4029 2087 4105 stabi·

589 4131 725 4206 liendo
745 4129 885 4209 fictitio
907 4125 1189 4226 Philipporum
1205 4127 1466 4229 Augustorum
1482 4139 1523 4200 et
1537 4127 1659 4200 sancti
1675 4124 1832 4223 Quirini
1850 4134 2095 4230 patrimonio

424 4247 429 4256 '
570 4233 733 4308 ,ducem
762 4231 944 4330 sequutus
976 4227 1084 4302 fuisse
1114 4227 1285 4304 videtur.
1338 4227 1470 4327 Quam
1493 4230 1652 4329 culpam
1682 4253 1816 4329 aeque,
1845 4256 1892 4306 ae
1924 4235 2086 4337 insignes

587 4357 669 4408 non
688 4357 840 4435 paucos
857 4335 897 4405 in
920 4329 1169 4433 geographia
1186 4356 1343 4408 errores
1367 4328 1440 4435 (ne
1459 4333 1510 4407 de
1529 4330 1617 4430 styli
1635 4332 1777 4406 duritie
1796 4348 1839 4407 et
1855 4333 2096 4414 obscuritate·

586 4433 749 4538 loquar)
778 4433 1116 4535 quemadmodum
1138 4436 1343 4526 excusem,
1370 4459 1454 4509 non.
1468 4434 1649 4533 reperio,
1676 4434 1742 4507 nili
1761 4432 2000 4512 homini-sub
2024 4464 2086 4514 re.

585 4535 830 4616 nascendum
853 4539 1073 4612 litterarum
1090 4537 1333 4612 incunabula
1357 4539 1506 4614 viventi
1526 4538 1649 4611 venia·
1663 4535 1799 4611 danda
1817 4537 1879 4630 lit,
1906 4543 2012 4640 quod
2035 4543 2085 4633 sc,

587 4663 678 4716 cum
707 4639 756 4712 de
774 4641 937 4714 remotis
957 4639 1106 4715 saeculis
1134 4641 1195 4715 illi
1222 4639 1468 4715 scribendum
1498 4636 1878 4728 effet‚·vetuttorum
1903 4645 2094 4726 codicum

578 4741 1113 4850 ,aumoriutcingraphicur
1132 4725 1290 4825 errorer
1307 4742 1440 4864 abripi
1456 4741 1584 4854 pallus
1601 4740 1663 4821 fit
1951 4846 2082 4945 γι

2273 2102 2307 3033 l

2297 3506 2303 3643 l
