4717 6050
913 335 1247 453 nussam.
1338 451 1342 458 ,
1551 380 1554 393 ·
1745 302 1836 456 4.,

120 581 125 588 ’
202 613 208 633 .
321 559 517 660 Ibidem
556 561 618 660 de
647 567 790 662 areis.
826 569 970 684 xxiiij
1001 564 1246 672 denarios.
1304 563 1388 660 De
1419 565 1765 664 Vischwazzer.
1795 603 1843 667 x.

325 677 525 776 solidos.
559 697 622 778 et.
649 681 887 782 vii.“Wid.
913 685 1128 811 pilcivm.
1647 710 1652 719 ’
1717 709 1725 724 ‘
1788 757 1832 809 ,
1944 767 1951 776 .

212 831 238 886 ,·
442 799 500 892 In
534 800 769 928 Ertptvll.
821 831 973 898 vnum
1004 800 1306 900 beneficium
1339 798 1477 928 quod
1518 799 1671 897 habet
1704 801 1838 901 filius

319 909 563 1014 Hertwici
595 950 766 1049 payer.
825 918 1057 1046 Rvgerus
1089 917 1243 1015 habet
1277 949 1340 1015 ex
1372 917 1483 1046 ipfis
1516 916 1828 1016 Redditibus.
1915 920 1920 931 “
1965 1014 1968 1020 .

321 1032 389 1136 ad
414 1032 673 1164 dimipium
695 1039 953 1136 talentum.

819 1160 1023 1276 Quatuor
1045 1175 1194 1250 'vacua
1207 1162 1344 1279 folia.
1445 1217 1462 1267 .·
1822 1243 1828 1250 .
1864 1172 1868 1178 ’

320 1340 325 1350 .
371 1301 375 1309 ·
432 1267 685 1368 'Redditus
700 1275 758 1386 in
785 1273 965 1369 Officio
979 1272 1290 1399 Rechperge.
1350 1271 1434 1370 De
1453 1267 1833 1368 Purchreht'sci·

318 1377 439 1482 licet
465 1386 527 1482 de
554 1392 717 1492 vineis
741 1393 907 1519 paruis
935 1406 988 1487 et
1011 1389 1075 1485 de
1098 1388 1347 1485 curticulis
1371 1404 1422 1482 et
1443 1390 1584 1514 agris.
1609 1390 1653 1483 i'.
1677 1390 1834 1484 talen·

319 1515 371 1598 ta
396 1518 449 1598 et
470 1501 740 1604 dimidium.
799 1511 878 1605 Ex
906 1511 1013 1630 hijs.
1037 1510 1131 1624 viij.
1155 1506 1311 1603 solidi.
1369 1521 1512 1600 reter.
1530 1537 1578 1600 x.
1601 1422 1834 1633 ‹ienarios

191 1693 195 1703 κ
321 1617 666 1760 eliSatzvnge.
697 1657 788 1766 pro
815 1629 1088 1744 ij..talentis
1115 1642 1166 1721 et
1188 1625 1307 1721 dimi
1342 1655 1412 1719 10‘
1454 1623 1581 1762 Item
1601 1624 1664 1718 de
1687 1628 1833 1751 agris.
1861 1690 1863 1694 ,

319 1770 382 1832 v1.
397 1737 553 1840 sohdi.
578 1757 642 1838 et.
661 1749 722 1862 iiJ.
735 1743 939 1843 denarii.
980 1741 1335 1842 Molendinum
1353 1741 1576 1851 Helwict,
1587 1741 1746 1837 soluit.
1767 1745 1832 1838 vi.

317 1851 502 1960 solidos
527 1856 815 1986 etpotamo
839 1861 1107 1964 valentem.
1130 1863 1262 1956 lxxae
1287 1859 1534 1954 denarios.
1594 1858 1747 1954 silua:
1768 1860 1833 1954 ad

171 2085 172 2089 Ν
317 1974 652 2075 neceffitatem
684 1979 820 2076 castri
852 1997 916 2076 et.
949 2013 1090 2076 xxnu.
1122 1981 1268 2078 vinee
1303 1979 1380 2072 ad.
1415 1977 1482 2071 xl.
1511 1976 1739 2071 carradas
1781 1993 1834 2071 et

316 2089 513 2304 fiollunt
538 2095 637 2190 coli
655 2123 784 2192 eum.
807 2103 905 2195 xvi.
931 2097 1159 2193 denariis.
1180 2165 1186 2176 -
1211 2099 1298 2192 Et.
1328 2101 1419 2189 viii.
1448 2125 1570 2232 aree·
1597 2125 1718 2218 quas
1748 2094 1833 2187 ha-

353 2223 440 2304 ent
470 2211 728 2314 vinitores.
760 2221 825 2308 et'
847 2216 1125 2340 pometium
1156 2240 1387 2336 magnum
1422 2224 1475 2303 et
1506 2239 1682 2303 mmus.
1711 2241 1837 2335 quo·
1992 2299 2002 2316 ,

316 2355 425 2418 rum
448 2323 637 2420 fruetus
659 2331 876 2461 quinque
898 2330 1009 2420 sunt
1029 2325 1220 2421 uenditi
1237 2352 1347 2534 gro.
1369 2326 1483 2418 xxii
1508 2325 1722 2419 talentis.

439 2439 498 2532 In
530 2439 804 2564 Straezmge
833 2456 887 2535 et
903 2444 956 2534 in
1026 2443 1235 2566 engevel
1272 2473 1301 2533 e
1338 2439 1401 2534 de
1428 2439 1618 2534 duabus
1648 2442 1834 2538 villica·

315 2551 552 2652 tionibus.
574 2555 636 2672 iij.
660 2554 860 2649 talenta.
879 2571 968 2649 et-
1035 2585 1081 2653 v.
1108 2553 1313 2650 denarii.
1341 2555 1400 2648 In
1420 2557 1722 2682 Epyphania
1746 2555 1848 2653 do..

315 2669 450 2769 mini.
482 2681 536 2764 et
558 2665 685 2766 duos
706 2677 901 2797 porcos
917 2687 1180 2798 utrumque
1214 2671 1478 2767 valentem
1513 2672 1655 2768 lxxx
1683 2673 1832 2770 dena-
1890 2756 1897 2765 .

315 2790 431 2882 rios.
464 2799 516 2880 et
542 2781 669 2884 duos
703 2818 851 2914 apros
873 2789 1112 2884 valentes.
1144 2787 1398 2882 dimidium
1431 2789 1687 2887 talentum.
1746 2793 1831 2889 De

63 2939 68 2946 ·
183 2921 197 3016 f
247 3040 258 3053 .
314 2902 526 3006 Levben
548 2899 611 3000 de
632 2904 793 3002 vinea.
812 2906 842 3028 j.
869 2904 1125 3004 talentum.
1150 2908 1204 3000 in
1221 2903 1342 3001 festo
1368 2906 1683 3004 Michahelis.

433 3021 491 3120 ln
514 3018 781 3150 Cyegdorl.
801 3030 920 3121 xviia
934 3020 1186 3119 beneficia
1205 3021 1468 3151 quodlibet
1489 3026 1648 3121 soluit.
1666 3030 1747 3123 vii.
1760 3029 1832 3124 so'·
1853 3059 1858 3067 ·

315 3138 462 3251 lidos.
486 3136 829 3280 §yttlpfennin
865 3174 899 3235 e·
917 3140 980 3235 de
1000 3142 1293 3237 hominibus:
1309 3138 1386 3237 ad.
1405 3144 1467 3259 iit
1487 3142 1684 3240 solidos.
1743 3147 1829 3241 De
1901 3148 1904 3158 '

315 3261 531 3400 antiquas
553 3288 727 3355 vmeas.
749 3290 795 3351 v.
835 3258 1007 3353 olidosv
1034 3274 1097 3352 et.
1118 3260 1179 3375 iij:
1201 3257 1447 3355 denanos
1507 3261 1592 3357 De
1622 3262 1832 3359 Nouelli*
1943 3311 1946 3314 ·
2021 3241 2023 3246 ⁵

292 3376 421 3474 ,bua
444 3408 506 3492 nJ.
524 3373 714 3473 talenta
744 3388 797 3469 et
818 3406 899 3469 xx.
922 3372 1528 3505 denariosMychahelis.
1559 3394 1612 3476 et
1630 3381 1684 3474 in
1713 3380 1830 3480 Car-

308 3492 552 3621 ·-nispriuio
573 3491 638 3586 lx.
662 3492 885 3633 gallinas.
911 3502 914 3507 ’
943 3490 1028 3587 De
1052 3489 1172 3620 uilla
1196 3523 1272 3587 an.
1285 3491 1553 3593 duebiram.
1572 3500 1643 3600 vi.
1656 3496 1837 3593 dienlt··

223 3675 225 3683 ·
316 3626 422 3709 mvt
442 3608 689 3705 frumenta
731 3608 844 3708 Hoc
867 3610 1073 3709 luntxl
1094 3610 1472 3752 pvrc'hmetzen.
1501 3615 1628 3710 Item
1652 3614 1716 3709 de
1739 3614 1829 3709 vil·

277 3756 281 3763 ·
315 3730 365 3839 la
395 3724 1007 3845 ibidem.1viij.³chattmvt
1044 3726 1207 3823 tritici.
1239 3743 1302 3823 et.
1336 3729 1433 3824 xvi.
1466 3730 1702 3826 chastmvt
1729 3730 1828 3824 fru-

314 3848 482 3951 menti.
514 3862 566 3941 et
587 3849 685 3943 xvi.
709 3844 942 3943 chastmvt
966 3877 1139 3941 auene.
1163 3860 1226 3943 et.
1249 3845 1346 3962 viij.
1367 3845 1827 3975 Seitffilchinge.et.
1887 3890 1889 3892 >
1943 3946 1950 3953 ,

314 3992 466 4066 vnum
490 3961 835 4091 Spechswein..
854 3979 917 4061 et.
953 3998 998 4059 v.
1023 3978 1254 4060 metretas
1289 3967 1567 4177 {apaueris
1599 3980 1652 4060 et
1671 3996 1827 4066 vnum

159 4078 169 4103 ‘
315 4071 546 4178 Modium
577 4082 694 4208 pile.
736 4098 787 4177 et
810 4112 962 4177 vnum
993 4079 1224 4177 Modium
1245 4080 1296 4176 fa
1332 4112 1375 4177 e.
1406 4097 1458 4177 et
1479 4084 1533 4209 in
1551 4082 1733 4208 pascha
1754 4096 1826 4175 ta·
1926 4096 1931 4105 ’
2039 4070 2052 4185 ’.

316 4200 507 4307 lentum
533 4216 756 4301 ouorum.
789 4214 852 4295 et.
869 4205 963 4297 *viii
992 4200 1170 4296 caseos.
1202 4216 1254 4295 et
1286 4202 1340 4294 in
1363 4198 1704 4296 Pentecosten.
1733 4203 1841 4294 viii.

317 4319 494 4413 caseos.
526 4331 578 4411 et
602 4315 922 4446 Mychahelis
947 4318 1054 4434 iiijffl·
1074 4318 1268 4413 mlieres
1300 4332 1363 4412 et.
1382 4322 1475 4413 viii.
1502 4318 1730 4445 gallinas.
1873 4384 1878 4393 ·

337 4434 490 4563 ]·'„In
521 4432 825 4535 Holenstein'.
866 4436 929 4551 iij.
969 4432 1216 4530 beneficia
1244 4435 1453 4529 soluunt
1480 4436 1579 4529 xxi.
1624 4430 1827 4568 solidos.

315 4550 440 4647 Item
461 4550 606 4647 Curia
629 4552 870 4649 villicalis.
900 4555 993 4669 viij.
1017 4552 1249 4677 chalimvt
1272 4552 1433 4652 tritici.
1465 4566 1529 4646 et.
1552 4583 1597 4644 x.
1618 4545 1828 4650 Modtos

314 4668 561 4775 frumenti.
592 4685 655 4766 et.
679 4672 761 4793 xii.
795 4667 1000 4765 Modios
1033 4700 1204 4881 auen}
1237 4683 1300 4763 et
1322 4665 1830 4866 iiij0r·Seitfrischin{e.

454 4800 519 4854 2,
763 4816 771 4826 .
892 4794 895 4801 ,
998 4813 1004 4819 .
1204 4820 1238 4911 3
1369 4889 1375 4901 ι
1725 4807 1752 4869 e
1960 4792 1963 4796 -
