4717 6050
743 413 1281 551 'ornarunt‘
1577 481 1739 557 an
1875 469 1967 494 ¹*

272 671 535 790 ttiei'tlbilt
564 637 794 813 Magiller
825 659 1072 800 Georgius
1105 643 1318 771 Gundel'
1340 659 1496 778 affinis
1527 685 1666 758 meus
1713 692 1791 758 ca.

272 812 477 906 rillimus
506 809 552 903 le
589 804 723 898 ultus
764 801 816 892 in
857 824 988 889 noua
1030 790 1232 884 ciuitate
1275 781 1408 912 apud
1449 783 1582 876 suum
1622 784 1802 878 altare.

273 926 502 1025 Tandem
568 954 615 1017 re
649 917 845 1013 Mathai
877 913 947 1005 iui
981 907 1045 1003 ad
1086 921 1294 1021 termas,
1336 917 1542 998 vocatus
1573 931 1602 995 a
1643 900 1719 996 Re
1757 906 1792 978 ἰ
1929 955 1933 965 ,

274 1074 363 1160 na,
396 1071 491 1172 que
530 1055 660 1153 erat,
691 1038 743 1148 in
775 1032 943 1128 termis
975 1041 1068 1124 etc.
1129 1021 1253 1119 Item
1297 1019 1641 1145 conceptionis
1729 1051 1792 1115 rr·
1847 1072 1851 1079 ·

256 1165 402 1289 -ginis
434 1159 643 1302 gloriose
683 1183 744 1248 ue
776 1149 955 1246 Matris
984 1201 1004 1222 -
1034 1199 1054 1220 -
1077 1169 1247 1281 eoque
1279 1139 1360 1234 die
1401 1153 1521 1232 tota·
1551 1134 1790 1232 Vniuerlr·
1901 1138 1946 1178 ”
2029 1165 2032 1175 ’

69 1285 85 1388 :⁹-
274 1294 350 1374 tns
381 1281 473 1373 furt
505 1308 613 1386 cunr
645 1184 784 1400 Rege
815 1265 977 1360 nostro
1009 1261 1229 1374 Mathra,
1271 1259 1356 1384 qui
1400 1287 1473 1378 ex*
1502 1255 1582 1349 lua
1618 1257 1793 1370 innata

269 1395 545 1492 clemencia
579 1391 641 1486 ad
674 1416 873 1486 omnem
921 1379 1130 1490 nostram
1170 1377 1477 1473 voluntatem
1518 1377 1695 1469 annuit
1718 1408 1721 1412 ·
1741 1392 1799 1472 et

136 1549 140 1557 ·
212 1587 220 1596 .
275 1513 528 1609 exaudiuit
559 1506 826 1606 defiderata
864 1499 926 1594 ab
950 1495 1273 1594 Vniuerlitate
1303 1546 1323 1571 ·
1352 1544 1380 1571 ··
1401 1541 1421 1568 ·
1479 1491 1606 1586 Item
1634 1521 1793 1619 vsque

269 1629 337 1726 ad
373 1629 613 1726 decimam
651 1627 834 1721 sextam
865 1615 1191 1727 Decembrirt‚
1242 1613 1327 1738 qui
1364 1607 1473 1707 dies
1507 1609 1572 1704 eil
1610 1614 1792 1737 prInci·

307 1751 409 1842 ium
442 1748 583 1844 tercii
613 1741 794 1839 decimi
824 1737 942 1834 anni
971 1734 1070 1828 mei
1108 1731 1444 1844 Doctoratus,
1482 1728 1535 1822 in
1613 1760 1678 1824 uo
1719 1716 1793 1824 fe·
1826 1740 1842 1815 J

207 1943 209 1948 -
269 1781 343 1964 llx
409 1865 667 1990 rincipium
697 1861 946 1984 sequatur.v
968 1904 987 1927 ·
1016 1902 1037 1926 -
1096 1849 1175 1942 Ex
1215 1846 1436 1938 Domina
1475 1843 1541 1940 de
1628 1861 1795 1942 otten-

273 1898 406 2080 dard
424 2013 575 2077 vnum
606 1970 996 2112 quadrangulum
1028 1965 1299 2060 eburneum
1328 1963 1449 2056 mire
1505 1963 1791 2060 reciofitatis

73 2100 76 2113 ’
150 2147 157 2162 ·
271 2105 325 2199 in
347 2101 427 2198 die
447 2098 625 2194 natalis
649 2093 859 2190 Domini
879 2117 970 2214 pro
994 2113 1130 2178 nouo
1153 2108 1314 2194 anno,
1344 2078 1426 2173 led
1502 2110 1564 2206 eo
1586 2081 1791 2180 iubente

273 2215 705 2315 dieloannishora
729 2238 864 2304 nona
889 2234 1033 2298 mane
1056 2197 1284 2326 migrauit
1304 2211 1359 2291 vt
1380 2196 1514 2293 bona
1525 2197 1792 2303 Christiana

274 2338 335 2430 ad
373 2335 671 2430 Dominum:
734 2357 830 2454 que
873 2323 993 2416 mihi
1037 2328 1306 2413 commater
1339 2311 1432 2419 fuit
1465 2312 1530 2410 ad
1604 2318 1790 2444 uinque
1888 2331 1893 2339 '

271 2453 414 2547 filios.
468 2452 618 2543 Viuat
638 2449 757 2542 Deo
781 2446 832 2540 in
854 2457 1091 2536 eternum.
1121 2438 1297 2530 Amen.
1357 2431 1556 2527 Thom'e
1622 2451 1792 2532 antua·

69 2587 73 2602 '
124 2575 131 2586 '
271 2569 438 2666 rienfis
467 2621 487 2642 -
516 2621 536 2643 ·
568 2593 667 2691 quo
712 2562 793 2657 die
829 2589 922 2688 ego
956 2572 1006 2652 et
1027 2583 1152 2652 vxor
1172 2552 1261 2644 scri
1295 2549 1335 2643 ti
1354 2551 1587 2650 sumusin
1612 2553 1792 2650 librum
1889 2565 1899 2572 “

272 2686 414 2784 fundi
444 2713 536 2810 pro
570 2681 736 2776 medio
768 2682 935 2805 lugere
957 2677 1106 2776 vinee
1130 2671 1181 2763 in
1275 2670 1441 2796 ming,
1502 2701 1649 2796 quam
1676 2703 1791 2797 pro.

80 2821 83 2839 '
160 2895 184 2912 „
273 2805 464 2933 pinauit
494 2798 640 2894 nobis
673 2796 871 2892 Martha
905 2792 1054 2888 vidua
1097 2784 1314 2883 Conradi
1356 2789 1650 2912 apotecarii,
1692 2820 1791 2914 quc
1924 2819 1927 2822 ’

310 2921 473 3013 uidem
505 2916 707 3020 Martha
737 2942 799 3007 eo
832 2909 914 3004 die
952 2907 1151 3002 nouicia
1185 2928 1248 2998 ex
1286 2902 1576 2999 monasterio
1621 2904 1793 3005 Sancti

77 3123 80 3137 .
181 3116 182 3121 a
333 3036 542 3130 eronimi
575 3032 740 3124 exiuit.
803 3027 851 3123 Ο
899 3026 1032 3142 bone
1079 3021 1186 3117 Iesu
1234 3018 1312 3115 fac
1352 3019 1617 3118 secundum
1655 3039 1793 3121 tuam

69 3170 81 3227 =¹
137 3235 142 3245 .
273 3180 500 3278 magnam
533 3144 941 3256 misericordiam,
971 3155 1027 3237 vt
1057 3139 1192 3233 hunc
1231 3168 1414 3231 annum
1442 3141 1495 3232 in
1525 3139 1662 3237 felici
1701 3157 1790 3239 tuo

274 3266 539 3359 benedicto
562 3265 776 3363 nomine
811 3261 1024 3356 feliciter
1051 3255 1384 3349 terminemus.

231 3490 233 3497 s
397 3377 890 3490 1489.1e0mSabato
958 3374 1027 3471 ost
1060 3373 1162 3496 Epi
1198 3371 1344 3464 hanie
1376 3372 1446 3465 iui
1483 3372 1707 3468 in‘curru
1727 3370 1792 3469 ad
1919 3358 1940 3395 ⁸

277 3486 483 3585 Ncubur
518 3481 860 3621 amoforensem
884 3409 954 3574 all
969 3404 1403 3604 desporrsscmnem
1426 3488 1790 3608 consanguinee

272 3635 384 3700 mee
414 3605 463 3697 vi
502 3632 563 3695 ue
595 3598 739 3726 aplius
773 3597 1037 3696 Lorisman
1068 3597 1190 3691 ciuis
1233 3592 1432 3693 ibidem.
1521 3599 1793 3701 Dominica
1886 3610 1890 3617 ’

271 3720 601 3819 Reminiscere
634 3714 745 3811 Rex
778 3718 870 3813 iuit
901 3744 993 3842 per
1020 3716 1174 3842 aquat
1216 3712 1281 3808 ad
1317 3715 1584 3843 Vngariam
1611 3717 1792 3820 littora
1868 3770 1871 3774 ·
2078 3732 2082 3739 '

271 3838 502 3965 linquens
548 3833 760 3929 secunda
804 3831 1075 3961 feria'poll
1115 3829 1445 3928 Reminisce're
1487 3838 1539 3932 in
1582 3838 1791 3934 meridie
1964 3837 1969 3848 “

271 3985 370 4051 vna
401 3985 509 4047 cum
528 3952 604 4069 Re
639 3956 734 4047 ina.
796 3952 921 4047 Item
942 3950 1166 4079 sequenti
1185 3955 1294 4077 poll
1313 3950 1513 4047 Ioannis
1537 3970 1653 4049 ante
1676 3986 1794 4083 por·¹

69 4182 70 4193 Ν
261 4082 371 4169 'tam
403 4072 564 4195 Regia
659 4066 825 4164 aiellas
855 4068 996 4164 dedit
1028 4067 1322 4165 Lectoribus
1372 4071 1678 4196 Stipendium
1719 4076 1792 4171 vi·

69 4202 71 4215 '
222 4238 225 4247 ·
271 4190 455 4287 delicet
518 4189 778 4315 uingentos
810 4186 1023 4282 florenos
1062 4187 1348 4314 Vngaricos.
1408 4190 1535 4284 Item
1554 4189 1794 4319 ‘Assump-

270 4310 427 4405 cionis
460 4218 673 4433 tdrgtnis
738 4303 893 4399 lorios
949 4357 969 4380 ·
998 4358 1018 4379 ·
1097 4301 1325 4431 quodie
1371 4304 1497 4403 obiit
1538 4307 1792 4408 Dominus
1894 4310 1900 4318 ’

269 4424 650 4562 Bartholomeus
697 4332 1075 4549 §cyberlpeckh
1105 4421 1284 4555 conlan
1352 4424 1493 4520 incus
1539 4456 1679 4521 meus
1717 4429 1791 4522 vi·

271 4545 429 4638 carius
461 4572 512 4678 tn
543 4538 767 4656 Lollarli‚
821 4538 1069 4669 singularis
1110 4540 1257 4637 beate
1285 4450 1510 4669 virginis
1548 4542 1789 4671 glorifica·

272 4674 378 4775 tor,
408 4685 493 4784 qur
528 4660 779 4753 annuatim
807 4688 900 4785 per
928 4672 1086 4753 totum
1125 4658 1260 4752 suum
1290 4658 1623 4757 sacerdocium
1648 4664 1791 4759 uouit

145 4862 153 4867 .
270 4772 418 4875 beate
453 4772 613 4874 Mario
644 4806 786 4877 orare
820 4774 1020 4875 cursum.
1081 4772 1403 4907 Quapropter
1443 4791 1496 4878 et
1538 4808 1652 4876 eum
1696 4778 1797 4880 hos:

941 4896 1230 5023 Antia-3,
1391 4948 1396 4965 =
1596 4899 1729 4995 nori-
1859 4932 1867 4945 ·
