4717 6050
702 420 704 423 ⁵
750 437 993 561 onnon.
1020 478 1391 559 Avsrrarac
1654 417 1771 576 ἠς

430 688 517 788 Μ’.
530 686 683 825 clxxj.
697 682 924 826 ,Sanctus
957 672 1157 807 thomas
1188 682 1555 779 cantuariorum
1585 680 1827 825 archiepi-

231 840 242 857 ·
314 806 503 934 scopus.
526 821 746 915 martrrro
768 816 1035 900 coronatus
1060 799 1142 893 est.

432 922 518 1018 Μ’.
530 956 573 1019 c.
582 923 715 1045 lxxij.
755 922 811 1017 In
835 920 1026 1016 nortica
1045 916 1163 1013 srlua
1183 916 1325 1039 multi
1346 916 1576 1012 homiues
1594 917 1828 1043 luporum
1927 953 1931 964 ’
2097 948 2125 999 2.

217 1038 220 1048 ’
312 1040 726 1137 rabieDicuntur
749 1038 932 1253 perisse.

258 1243 261 1250 ⁴
431 1158 520 1255 Μ’.
533 1157 726 1253 clxxii.
751 1260 755 1269 ,
779 1185 814 1250 n
837 1153 1050 1253 vndacio
1067 1150 1253 1276 'magna
1274 1150 1307 1245 h
1348 1152 1494 1245 emasi
1514 1152 1672 1277 glacie
1693 1178 1828 1244 rece·

205 1353 213 1370 .
314 1272 468 1371 dente
499 1275 632 1371 factu
655 1189 732 1369 esi.
762 1278 832 1369 ita
862 1288 917 1367 ut
940 1301 1067 1397 aqua
1087 1270 1265 1377 flueret
1307 1297 1428 1393 uper
1446 1298 1618 1363 muros
1635 1266 1830 1391 aliquos
1980 1324 1993 1351 .

208 1499 211 1507 ,
312 1392 367 1491 in
392 1392 543 1489 castro
568 1394 815 1487 creme-nse
847 1392 1056 1513 (Chrems
1079 1394 1126 1482 in
1145 1387 1367 1529 Arpsriu).

433 1512 701 1632 Mtbooiij.
742 1506 1011 1649 leupoldus
1049 1520 1100 1600 et
1122 1506 1385 1601 Hemricus
1418 1501 1571 1598 frater
1594 1504 1718 1597 cium
1748 1498 1830 1625 filij

263 1688 265 1691 -
313 1626 537 1725 HeInrici
559 1626 697 1723 ducis
712 1626 895 1723 ausine.
917 1624 1127 1721 accincti
1147 1622 1256 1717 sunt
1273 1620 1457 1749 gladio.
1479 1620 1716 1716 etcadem
1730 1620 1832 1713 Die

310 1745 555 1873 leupoldo
580 1746 810 1873 copulata
833 1745 897 1840 est
916 1772 1043 1839 -vxor
1063 1743 1155 1835 sua.
1176 1741 1276 1835 filia
1297 1741 1427 1865 regis
1440 1740 1673 1863 Vngarie.
1729 1738 1837 1831 Fri·

316 1861 477 1937 datm
511 1867 574 1937 ’m
732 1891 770 1935 -ι
804 1864 964 1938 ¹tercio
992 1857 1202 1967 ytaliam
1231 1854 1486 1967 profectus
1511 1856 1588 1939 est.
1631 1856 1834 1971 Longo·

314 1956 457 2057 bardi
489 1878 879 2055 iirdgdictihnem
913 1974 1168 2095 venerunt.
1202 1956 1462 2053 sedeciam
1496 1960 1678 2055 endem
1697 1992 1835 2056 anno

314 2074 703 2173 rebellauerunt:
751 2077 1303 2215 Imperatorantequam
1318 2076 1834 2197 proficiscereturcon·
1873 2182 1882 2199 ⁸

312 2208 520 2295 uentum
542 2222 807 2319 procerum
826 2193 945 2286 ratis
976 2190 1226 2286 onefec1t.
1251 2194 1302 2284 in
1325 2220 1432 2328 quo
1449 2192 1708 2289 adalberto
1731 2199 1835 2321 epi·

313 2311 395 2407 seo
433 2342 479 2406 ο.
502 2311 837 2437 episcopatum
860 2308 925 2403 Sa
948 2304 1310 2433 czhurgensem.
1325 2311 1503 2435 miquo
1522 2310 1833 2437 quorundam

317 2344 661 2567 episcoporum
682 2427 879 2523 iudicio
910 2424 1210 2520 abiudicauit
1231 2426 1373 2549 super
1392 2428 1553 2552 posrto
1575 2428 1659 2523 srbi
1679 2430 1834 2525 Hein-

314 2574 419 2643 nco
444 2540 948 2683 Pcrchtersgadinensr
971 2544 1239 2753 preposto.
1751 2552 1755 2559 ’
1782 2636 1786 2642 ,

432 2660 729 2779 'Mi-clxxvi
759 2660 881 2755 Dux
904 2658 970 2751 bo
1009 2661 1134 2753 emie
1159 2659 1399 2753 terminos
1424 2659 1593 2755 austrie
1619 2660 1833 2789 ingredi·

314 2792 405 2883 tur.
432 2788 496 2889 et
523 2790 679 2870 totam
705 2792 885 2870 terram
922 2774 1068 2900 usque
1095 2775 1160 2873 ad
1182 2775 1471 2871 Danubium
1503 2793 1555 2872 et
1580 2780 1834 2875 'marcham

313 2896 531 2992 fluuium.
561 2892 797 2988 incendio
831 2908 885 2989 et
913 2922 970 2987 ra
1007 2896 1099 2989 ‘nis
1133 2898 1185 2988 in
1213 2894 1431 2989 humane
1452 2894 1673 2993 -vastauit
1734 2898 1837 2993 Eo·

317 3012 432 3110 dem·
458 3041 589 3106 anno
613 3011 698 3130 filij
719 3010 879 3108 Ducis
904 3043 966 3106 au
1003 3015 1073 3107 rie
1097 3008 1363 3138 leuposdus
1390 3028 1442 3108 et
1458 3012 1712 3114 heinricus
1728 3047 1836 3112 mo·

313 3131 499 3228 rauiam
527 3131 577 3224 in
638 3131 722 3224 essi
745 3131 853 3222 sunt
873 3133 1040 3224 omnia
1061 3129 1331 3239 vastantes,
1736 3182 1740 3187 ·

321 3281 326 3288 ·
404 3245 521 3341 *Mt
538 3279 578 3342 c.
601 3247 745 3366 xxvij.
788 3247 1054 3340 Heinricuss
1084 3245 1207 3354 Dux
1241 3243 1413 3340 austrie
1443 3247 1664 3345 Wienne
1698 3251 1797 3346 obi

316 3367 441 3464 etin
464 3363 759 3459 monasterio
780 3363 1021 3457 scotorum
1055 3359 1192 3488 quod
1215 3363 1316 3486 ipse
1342 3361 1638 3461 fundauerat
1660 3269 1836 3495 sepeh‘}

306 3501 409 3579 tur.
450 3479 718 3608 leupoldus
749 3477 988 3574 secundus
1010 3480 1148 3574 Dux.
1170 3478 1296 3573 silius
1320 3480 1432 3573 eiua
1449 3482 1679 3578 successit.
1733 3487 1835 3580 Eo-

317 3599 431 3696 dem
457 3614 588 3694 auno
612 3599 927 3693 terminatum
954 3597 1041 3714 est,
1073 3596 1233 3692 scisma
1254 3595 1681 3722 pestilentissimum
1703 3604 1835 3696 inter

307 3747 496 3858 papam
509 3714 880 3812 Aslexandrum.
918 3731 969 3810 et
990 3714 1333 3818 nobilissimum
1357 3715 1705 3842 imperatorem
1729 3719 1837 3814 Fri·
1962 3741 1971 3754 ·

318 3833 519 3932 drrcum.
554 3833 616 3928 ud
643 3834 811 3929 vasuas
837 3836 987 3928 sancti
1008 3834 1158 3928 marci
1181 3833 1410 3952 Venecijs
1433 3832 1565 3931 facta
1588 3838 1697 3930 sunt
1725 3838 1837 3932 hec.

316 3951 618 4050 Adalbertus
638 3949 1025 4078 Salczburgensrs
1046 3949 1439 4076 archiepiscopus
1461 3953 1522 4048 ab
1543 3952 1838 4050 allexandro
1885 4035 1888 4041 .
2004 4011 2010 4018 ·

319 4097 449 4198 papa
484 4070 550 4163 ob
582 4072 796 4198 graciam
827 4083 876 4164 et
908 4065 1144 4164 fauorem.
1183 4068 1516 4192 Imperatoris·
1532 4069 1834 4168 ecclesiastici
1912 4084 1914 4091 '
1967 4179 1970 4184 ,

322 4186 891 4402 {iroefflfflss'riuams
914 4185 996 4282 est.
1014 4197 1065 4281 et
1089 4183 1382 4280 Chunradus
1404 4193 1731 4362 maguntinus.
1757 4190 1834 4286 illi
1871 4375 1878 4385 ⁵

352 4536 363 4559 ·
438 4419 525 4516 Mt
539 4422 766 4552 clxxviii
795 4419 1083 4548 Leuposdus
1096 4419 1215 4514 Dux
1227 4419 1400 4514 austrie
1417 4436 1675 4520 contracto
1694 4423 1838 4522 exer·¹
1947 4442 1951 4450 '

276 4566 281 4575 ’
322 4551 422 4633 σιω
445 4541 682 4634 terminos
705 4541 1058 4656 bohemorum,
1087 4537 1358 4666 ingreditur
1380 4539 1567 4635 vastans
1592 4546 1773 4636 omnia.

440 4654 735 4751 M⁰.c.lxxix.
776 4656 1080 4754 Allexander
1107 4685 1244 4797 papa
1276 4651 1518 4783 synodum
1550 4661 1835 4786 generalem

320 4772 661 4870 sexcentorum
682 4792 733 4872 et
753 4809 816 4874 eo
830 4775 1042 4905 amplius
1061 4773 1401 4988 eprscoporum
1419 4782 1468 4874 iu
1484 4777 1613 4877 vrbe
1626 4807 1831 4912 romana

386 4895 475 4987 Vol.
509 4897 573 4989 II.
1149 4889 1192 5024 f)
1287 4932 1292 4940 ·
1369 5035 1374 5047 ι
1606 4892 1772 4988 medra
