4717 6050
745 498 1408 663 cnuoumvsnnsnc:
1692 573 1762 643 281

306 773 447 885 parte
478 752 622 883 ipsius
650 751 878 851 Districte
919 751 1206 874 imperante.
1249 746 1385 875 quod
1411 742 1662 847 neminem
1693 756 1823 851 occi·

309 880 444 974 dant.
484 874 564 981 nisi
597 873 778 967 milites
811 866 1063 1007 Galeatos.
1082 867 1399 1079 ·Ch³pss⁰¹¹⁰⁸
1428 900 1550 963 vero
1581 885 1639 965 ct
1661 870 1823 967 Scuti·
1865 951 1870 961 .

307 992 441 1091 seros
480 992 644 1089 illesos
722 998 973 1085 ermittant
1014 983 1165 1080 abne.
1244 1081 1251 1091 ι

309 1114 393 1237 qui
423 1109 544 1205 sacis
574 1022 816 1202 mirabilia
847 1131 1025 1240 magna
1054 1101 1198 1237 solus.
1242 1132 1388 1312 guam
1410 1103 1824 1240 incomprehensi-

291 1229 426 1324 bilia
451 1228 564 1321 sunt
583 1222 779 1318 iudicia
800 1235 898 1319 tua.
932 1234 994 1319 et,
1012 1216 1243 1342 mveshga
1279 1218 1373 1313 iles
1401 1250 1479 1314 vie
1503 1236 1605 1316 tue.
1634 1226 1748 1348 quia
1769 1240 1830 1319 te·

1315 984 1459 1083 Deus
1493 990 1823 1113 ‘omnipotens
1972 1043 2002 1105 ‚-

286 1343 565 1441 'sustinente
605 1354 771 1433 tantus
802 1337 883 1430 sa'n
952 1337 994 1429 is
1031 1333 1398 1429 christianorum
1430 1337 1601 1434 effusus
1633 1340 1710 1435 en.
1751 1339 1823 1442 ibi
1967 1348 1972 1355 ’
2050 1365 2052 1372 ·
2105 1338 2114 1347 ’
2273 1352 2277 1364 ·

261 1540 265 1547 .
307 1462 542 1557 abiectus.
560 1456 625 1551 est
655 1456 844 1580 clipeus
898 1454 1083 1547 ortium
1116 1466 1167 1547 et
1195 1450 1327 1548 hasta
1352 1482 1524 1549 eorum
1555 1456 1826 1554 confracta

138 1676 142 1685 ,
308 1579 381 1675 Ibi
403 1575 525 1669 Dux
542 1572 879 1699 Lotharingie.
913 1600 1023 1707 cum
1053 1568 1203 1664 fratre
1231 1570 1315 1667 suo
1342 1572 1581 1712 episcopo
1598 1574 1832 1689 Metens,
1900 1570 1947 1698 ,³
2107 1536 2114 1547 ¹

309 1725 419 1789 eum
449 1692 618 1819 paucis
648 1689 814 1829 fugam
845 1688 1084 1826 arnpiens
1118 1689 1203 1781 vix
1232 1688 1393 1785 euasit.
1452 1690 1528 1785 1b1
1566 1691 1669 1817 spse
1711 1693 1824 1803 illu·

306 1810 409 1905 liris
449 1840 539 1905 rex
573 1806 760 1903 francie
801 1837 831 1901 a
861 1804 1112 1932 sagittariis
1141 1804 1412 1903 insecutus.
1456 1809 1831 1933 conprehensus

309 1922 387 2023 en.
430 1926 559 2051 quas
600 1956 706 2019 non
749 1922 866 2019 esset
903 1936 1081 2017 vnctus
1123 1922 1256 2015 oleo.
1298 1937 1350 2015 et
1379 1925 1686 2047 presentatus
1717 1930 1823 2052 regi

306 2072 614 2187 arragonum.
654 2039 738 2135 sed
777 2053 983 2165 propter
1021 2037 1381 2131 excellenciam
1423 2054 1475 2133 et
1510 2040 1824 2167 Dignitatem

302 2178 429 2257 tants
449 2162 581 2286 regis
610 2157 773 2251 noluit
804 2184 916 2249 eum
948 2182 1035 2247 rex
1065 2154 1378 2278 Arragonum
1408 2157 1657 2279 captiuum
1686 2159 1829 2254 suum.

305 2280 507 2373 Ducere
540 2271 605 2369 ad
634 2273 852 2365 alienam
878 2269 1201 2395 prouinciam.
1237 2268 1324 2363 sed
1346 2271 1565 2366 conmisit
1595 2304 1707 2381 eum
1731 2275 1826 2369 Du

304 2396 533 2532 ligentes'.
572 2418 631 2483 ac
661 2384 936 2483 honorifice
980 2383 1362 2483 custodiendum.
1405 2386 1663 2484 Comitisle
1682 2388 1827 2486 Cam·

305 2538 468 2639 paine.
507 2505 760 2633 quousque
790 2503 1040 2598 Dominus
1073 2534 1217 2625 papa.
1269 2519 1321 2596 et
1349 2504 1433 2620 alii
1461 2508 1712 2633 principes
1742 2540 1829 2609 ecs
1957 2576 1970 2583 -

242 2692 245 2699 ·
308 2626 449 2725 clete
480 2620 866 2718 deliberauerint
895 2619 979 2713 De
1005 2619 1275 2713 concordia
1303 2622 1433 2715 inter
1458 2650 1565 2717 eos.
1603 2638 1654 2717 et
1675 2622 1735 2719 sic
1755 2623 1822 2720 ad

304 2744 507 2881 propria
537 2768 649 2833 cum
677 2733 929 2859 triumpho
959 2734 1180 2829 reuersus
1203 2734 1267 2828 eil
1299 2766 1409 2829 cum
1431 2736 1629 2863 gaudio.
1709 2742 1822 2837 Poll

307 2856 596 2956 occisionem
618 2853 782 2947 incliti·
796 2852 926 2988 regis
947 2849 1192 2945 Bohemie
1214 2850 1425 2947 Domini
1449 2854 1687 2964 videlicet
1700 2860 1826 2955 Ota-

305 2978 412 3074 kari
431 2974 593 3071 felicis
614 2966 1001 3066 rccordauonis.
1018 2965 1298 3065 Primislaus
1323 2970 1344 3093 <
1354 2975 1667 3099 Wenceflaus)
1693 2974 1824 3072 silius

229 3123 232 3130 ·
306 3097 412 3190 cius
442 3090 607 3186 adhuc
633 3117 782 3210 puer..
813 3085 898 3180 sub
928 3084 1178 3180 tutoribus
1206 3101 1259 3180 et
1288 3091 1537 3186 actoribus
1575 3093 1724 3216 usque
1756 3093 1832 3188 acl

304 3211 587 3424 prefinitum
621 3220 825 3324 tempus
862 3199 1185 3300 nutriebatur,
1223 3218 1416 3298 etcum
1445 3208 1544 3303 iam
1581 3209 1825 3312 adoleuis·
1867 3321 1871 3328 ¹
1957 3206 1962 3217 ’

325 3326 798 3422 moestoeam
916 3391 917 3396 a

421 3357 574 3537 Allno
659 3436 813 3531 omini
843 3431 931 3528 Μ’.
946 3431 1199 3548 cclxxxvi.
1240 3431 1354 3529 sed*
1372 3436 1442 3532 sui
1472 3471 1585 3536 eum
1624 3474 1718 3568 pro
1749 3447 1827 3539 ni·

306 3559 439 3658 chilo
461 3569 765 3678 reputantes.
786 3550 945 3646 bellis.
967 3550 1152 3674 rapinis
1176 3579 1236 3644 ac
1258 3553 1500 3673 incendiis
1523 3577 1824 3658 contiacum

298 3677 604 3786 rebellantes
643 3667 974 3764 Destruebant
1013 3682 1195 3761 terram
1232 3669 1379 3764 suam.
1419 3676 1533 3768 Ati
1570 3677 1618 3769 se
1648 3692 1825 3776 contra
1934 3694 1938 3705 '

305 3827 394 3890 eos
437 3791 655 3887 collecto
685 3787 900 3923 exereitu
944 3785 1149 3880 viriliter
1178 3815 1317 3880 more
1346 3793 1500 3914 patris
1529 3707 1601 3886 lbi
1630 3792 1830 3902 obsedit,

305 3911 453 4008 castra
480 3935 666 4002 eorum.
698 3915 750 3998 et
774 3915 997 3996 c1u1tates
1024 3931 1194 3996 eorum
1220 3901 1482 4005 Destruxit.
1511 3912 1825 4010 municiones

185 4132 189 4138 ,
292 4025 562 4154 'confregit
605 4037 655 4116 et
673 4044 677 4050 ’
695 4051 825 4148 quos
863 4022 996 4143 cepit
1022 4018 1243 4134 Diuerbs
1275 4023 1515 4120 mortibus
1556 4025 1826 4126 crudeliter

306 4146 478 4239 affecit.
521 4137 651 4235 Nam
682 4135 915 4264 quosdam
948 4167 1121 4231 eorum
1150 4133 1435 4236 decollauit.
1464 4141 1589 4240 alios
1620 4175 1740 4246 vero
1769 4153 1823 4246 in

305 4259 544 4401 patibulis
571 4254 829 4382 suspendit.
869 4251 1113 4380 Reliquos
1144 4267 1309 4350 autem
1339 4259 1392 4351 in
1421 4261 1544 4354 rotis
1576 4261 1824 4388 confregit

306 4395 377 4474 na
419 4373 552 4499 quod
593 4375 645 4468 in
689 4368 906 4498 quodam
947 4401 1122 4498 campo
1173 4370 1474 4470 videbantur
1508 4378 1626 4502 plus
1672 4409 1822 4505 quam

310 4495 597 4616 Quingenta
628 4511 848 4615 corpora·
873 4487 1130 4582 bominum
1159 4490 1212 4582 in
1241 4492 1364 4584 rotis
1396 4506 1448 4585 et
1467 4495 1710 4620 patibulis
1741 4530 1825 4594 ca·

305 4612 452 4709 nibus
484 4623 536 4702 et
565 4607 738 4702 auibus
769 4606 1043 4702 lacerandis
1075 4608 1166 4728 (ita
1184 4610 1357 4818 Codes?
1378 4611 1722 4734 expositorum,
1739 4615 1858 4723 sio.

307 4745 404 4856 qut
444 4721 649 4840 redditu
679 4723 744 4820 cll
784 4755 882 4847 pax
920 4725 1063 4818 tersis
1102 4725 1246 4818 suis..
1345 4725 1492 4822 odem
1532 4760 1824 4826 vcroanno

199 4893 201 4898 ·
308 4877 416 5062 pe}
436 4857 594 5063 {otlalm
632 4839 868 4939 austriam.
908 4855 959 4940 et
996 4845 1049 4938 in
1080 4838 1368 5058 quffumam
1408 4844 1516 4971 alijs
1551 4850 1824 4974 prouinciis

412 4997 436 5061 ⁰
552 5031 567 5060 Ο
624 5033 628 5046 '
1213 4990 1252 5057 n
1644 4994 1766 5064 con'
