4717 6050
622 406 698 509 ξω
896 372 923 519 ,⁸
1119 365 1746 529 ANUM-⁴⁴¹¹

562 615 753 703 riorum.
779 626 905 699 cum.
930 599 1088 725 >cxxvi
1108 604 1255 699 uellis
1279 602 1501 725 (vexillis)
1527 615 1641 695 ante
1664 596 1931 699 Wiennaru
1954 604 2082 703 circa

562 721 866 819 Danubium.
884 722 1031 822 ¹flexis
1053 752 1219 817 coram
1241 750 1305 815 eo
1319 730 1323 759 ²
1329 717 1538 845 genibus
1562 721 1613 812 in
1630 720 1887 857 presencia
1909 723 2085 822 multo·
2135 751 2160 841 χ’

561 866 684 935 rum.
704 839 1008 965 principum,
1039 836 1328 965 spiritalium
1349 863 1409 931 ac
1441 836 1725 931 secularium
1760 851 1919 933 terras
1949 840 2085 944 susus·
2157 844 2191 925 l.

562 958 710 1171 piens
721 954 1023 1082 supradictas
1035 957 1240 1097 regique
1251 954 1513 1079 Deinceps
1524 953 1731 1050 obedire
1746 954 1959 1051 asstare
1969 955 2088 1052 nda-

456 1158 461 1165 .
583 1078 678 1170 iter
703 1076 890 1168 iuratus
914 1071 1240 1200 conpromrsrt
1253 1071 1652 1168 Ministerialibus
1675 1094 1776 1198 quo
1814 1101 1876 1167 ue
1899 1088 1953 1168 et
1975 1076 2098 1190 cius

565 1192 658 1288 bus
683 1190 870 1287 Austrie
895 1206 947 1286 et
968 1192 1116 1287 Stirie
1141 1188 1332 1287 obsides
1358 1206 1410 1285 et
1423 1190 1661 1315 captiuos.
1683 1099 1924 1316 quodque
1949 1190 2117 1295 firmis

563 1324 644 1406 ter
664 1310 750 1436 spo
789 1309 933 1404 ondit
941 1307 1205 1405 restituere.
1216 1307 1363 1403 Tunc
1373 1310 1534 1435 primo
1545 1310 1777 1443 Wienna.
1792 1322 1843 1402 et
1859 1307 1954 1401 alie
1972 1310 2089 1403 ciui.

564 1441 695 1523 tates
717 1341 786 1523 ad
804 1426 1189 1555 resignacionem
1209 1425 1353 1565 ipsrus
1374 1425 1504 1551 regis
1516 1424 1723 1521 Otakau
1745 1423 1851 1549 regi
1864 1452 2091 1521 romano·

453 1656 458 1665 ,
564 1570 675 1641 rum
694 1544 802 1641 sunt
829 1559 1013 1669 aperte.
1075 1544 1207 1639 Sane
1231 1558 1361 1637 mter
1383 1557 1550 1638 cetera
1569 1539 1634 1636 ad
1658 1541 2111 1660 confirmacionem

566 1665 698 1758 inter
721 1693 823 1757 eos.
842 1691 960 1758 vere
983 1692 1041 1755 ac
1065 1662 1308 1786 perpetue
1333 1660 1568 1755 amicicie.
1596 1661 1697 1753 asu
1736 1661 2094 1785 radictisprin·

569 1780 762 1906 cipibus
797 1782 960 1874 extitit
996 1779 1296 1872 arbitratum.
1331 1777 1543 1870 subhac
1579 1807 1674 1871 con
1714 1779 1890 1872 icionis
1918 1776 2094 1876 forma.

556 1936 570 1965 -·
605 1897 708 1992 uod
733 1900 783 1991 su
820 1895 996 1991 radicti
1019 1895 1141 1991 Duo
1165 1924 1322 2021 reges.
1344 1895 1425 2018 iiij.
1457 1923 1639 2019 pueros
1673 1895 1783 1990 suos
1819 1895 2098 2019 legittimali

493 2076 497 2093 -
567 2033 590 2112 t
628 2046 769 2111 oroa
805 2014 1018 2109 invicem
1041 2012 1349 2138 copularent.
1398 2010 1968 2131 Quibus-Romanorum
1992 2042 2095 2109 rex.

569 2166 651 2229 xx.
674 2132 809 2227 milia
831 2158 1102 2225 marcarum
1134 2132 1191 2223 in·
1211 2127 1333 2224 dote
1359 2128 1684 2253 conpromisrt.
1708 2159 1800 2255 pro
1826 2130 2005 2256 quibus
2039 2132 2095 2225 ti·

569 2251 678 2347 tulo
703 2250 1032 2376 obligacionis
1053 2248 1274 2341 austriam
1295 2246 1403 2341 fere
1421 2245 1649 2340 mediam.
1684 2246 1932 2341 sciliceta
1954 2263 2095 2461 parte

571 2370 793 2467 morauie
813 2364 963 2491 usque
987 2363 1052 2459 ad
1073 2361 1376 2459 Danubium.
1405 2365 1645 2491 Exceptis
1665 2362 1870 2458 Chreme
1894 2380 1945 2459 et
1994 2366 2097 2460 tain

556 2483 738 2611 opidis
765 2483 1096 2607 subligacione
1132 2482 1223 2603 (ita
1252 2485 1435 2693 &dall
1460 2480 1525 2575 est
1559 2483 1663 2604 regi
1687 2480 1929 2576 Bohemie
1967 2508 2096 2578 com·

572 2601 716 2697 missa.
748 2598 860 2705 Rex
883 2601 1032 2692 etiam
1057 2598 1395 2724 Vngarieladi
1437 2629 1524 2691 aus
1544 2601 1649 2737 regi
1671 2596 1914 2694 Bohemie
1938 2599 2003 2695 esi
2026 2630 2097 2714 re·

574 2716 881 2813 conciliatus.
908 2729 959 2809 et
985 2742 1073 2809 rex
1096 2712 1448 2811 Romanorum.
1474 2715 1717 2841 predicto·
1735 2718 1840 2840 regi
1853 2718 1941 2811 ‘Vn
1977 2721 2094 2813 arie.

575 2862 750 2930 omnes
776 2831 1000 2927 ciuitates
1023 2861 1143 2957 quas
1177 2833 1226 2925 ei
1248 2862 1339 2941 rex
1358 2832 1605 2930 Bohemie·
1625 2834 1871 2929 violenter
1894 2834 1955 2930 ab
1990 2836 2094 2929 ule·

459 2970 464 2981 '
574 2966 651 3046 rat
672 2946 888 3044 restituit.
903 2948 1227 3044 nihilominus
1240 2964 1407 3045 tamen
1421 2954 1715 3078 promittens
1727 2978 1821 3046 rex·
1837 2951 2091 3050 Bohemie.

516 3125 520 3136 .
575 3082 850 3162 memorato
882 3067 988 3206 regi
1009 3067 1224 3277 Vnparie
1251 3099 1425 3165 omnes
1447 3068 1699 3162 thesauros
1719 3067 1944 3167 reddere.
1966 3093 2091 3198 quos

577 3181 844 3310 aliquando
870 3199 1018 3279 anuta
1049 3185 1100 3309 ip
1119 3216 1192 3279 rus
1212 3189 1360 3312 'regis
1396 3185 1585 3281 ladislai
1608 3188 1756 3280 Anna
1780 3187 1978 3315 Regina
2003 3191 2094 3284 >De

577 3303 801 3404 Maezaw
825 3301 1055 3424 (Maffow)
1069 3301 1405 3428 asportauerat
1426 3305 1570 3428 eique
1596 3303 1879 3399 tradiderat.
1913 3305 2094 3402 Videli-

578 3433 671 3514 cet.
702 3419 844 3516 Duas
868 3448 1079 3514 coronas
1093 3441 1265 3515 aureas
1280 3435 1332 3514 et
1351 3421 1425 3515 sce
1464 3435 1539 3512 tra
1560 3423 1759 3548 regalia.-
1783 3424 2093 3546 acprecio‘ds·

576 3535 739 3630 srmam
773 3536 1061 3660 amphoram
1085 3567 1296 3632 auream.
1320 3449 1624 3632 nobdiffimis
1645 3542 1850 3666 gemm-is
1874 3539 2092 3668 vndiqut

578 3649 867 3748 adornatam
887 3655 1008 3747 mire
1030 3651 1388 3779 pulcritudinis.
1414 3669 1465 3749 et
1485 3654 1581 3748 alia
1603 3685 1747 3781 quam
1771 3658 1913 3780 plura
1927 3658 2092 3754 cleno·

579 3769 660 3864 dia
682 3798 947 3894 aureaque
972 3799 1000 3864 a
1022 3785 1249 3896 tempore
1273 3773 1623 3898 regisVngarie
1637 3773 1805 3866 Attila.
1826 3789 1877 3868 et
1901 3775 1964 3870 ab
1989 3778 2091 3897 aliis

577 3886 919 3981 hiccessoribus
945 3886 1038 3981 suis
1062 3890 1212 4012 usque
1236 3920 1367 3983 nunc
1389 3891 1439 3982 in
1453 3891 1666 4014 Vngaria
1687 3889 1883 3986 fuerant
1904 3896 2092 3989 conser-

578 4019 705 4099 uata.
757 4000 937 4129 Sicque
964 4033 1054 4100 rex
1073 4003 1317 4100 Bohemie
1338 4008 1561 4124 reuersus
1584 4007 1649 4102 est
1672 4007 1735 4100 ad
1755 4011 1982 4135 propria.

484 4194 486 4201 ,
700 4119 1048 4243 M⁰.cc.lxxvij.
1079 4118 1191 4216 Rex
1213 4121 1458 4220 Bohemie
1485 4124 1733 4221 Otakarus
1755 4128 1931 4221 ductus
1957 4128 2093 4253 peni·

530 4321 532 4325 ,
581 4238 744 4331 tencia
767 4239 1079 4369 grauiterque
1096 4235 1280 4335 'ferens
1308 4244 1361 4335 in
1372 4240 1531 4338 corde
1555 4244 1655 4338 suo.
1692 4245 1863 4367 regina
1895 4273 2091 4372 quoque

579 4351 809 4455 bohemie
841 4359 1060 4452 coniunx
1079 4358 1174 4450 sua
1199 4356 1488 4484 frequenter
1517 4389 1629 4454 eum
1654 4361 1929 4486 increpans.
1959 4358 2094 4488 quod

580 4484 735 4565 terras
758 4473 1005 4595 predictas
1025 4474 1109 4569 resi
1147 4473 1363 4576 nacerat.
1388 4474 1577 4574 obsrdes
1608 4476 1982 4572 ministerialium
2015 4497 2095 4575 au·

582 4585 789 4725 stralium
812 4605 863 4684 et
884 4593 1077 4729 ciuium.
1107 4503 1159 4686 Β
1199 4591 1426 4692 ademata
1447 4624 1645 4723 quoque
1669 4598 1797 4722 regis
1809 4596 2023 4722 Vngarie
2043 4597 2095 4691 et

524 4728 526 4734 ’
577 4705 704 4803 alias
725 4704 1127 4832 adpromrssrones
1165 4726 1316 4811 actas.
1340 4713 1455 4811 sicut
1468 4742 1601 4812 anno
1615 4714 1769 4841 priori
1779 4744 1870 4840 per
1883 4716 2090 4809 arbitros

1447 4827 2038 4989 . Diffini.
