4717 6050
1250 6 1296 63 Ἴ

606 456 684 534 n·
754 522 766 539 ,
831 428 893 538 j
971 365 1737 545 vta-cuntusorsrur

560 639 743 735 curiam
776 633 968 759 peccati
999 632 1112 729 labe
1153 630 1604 728 resolutos'sanctis
1643 630 2070 729 exhortationibus

560 757 899 881 ex'piauerunt.
942 751 1254 870 Quantorum
1286 751 1645 847 etiamanimas
1671 750 1804 845 mole
1831 755 2074 875 peccami-

558 904 676 969 num
704 870 906 965 obrutas
927 874 1155 966 uiuentes
1176 871 1230 963 in
1253 896 1463 991 corpore
1507 864 1709 976 seddeo
1733 864 1989 963 defunctas
2006 867 2071 961 ad
2117 911 2126 932 ’

482 1089 487 1099 ,
556 992 711 1086 vitam
744 1018 911 1081 veram
947 982 1394 1113 perducendodeo
1428 985 1842 1079 resuscitauerunt
1901 986 2073 1111 Digne

557 1107 706 1234 igitur
739 1106 954 1231 ipsorum
999 1106 1213 1199 caritatis
1251 1134 1344 1229 pro
1392 1101 1540 1197 nobis
1584 1103 1804 1228 perpesse
1844 1100 2042 1198 sudores
2055 1142 2108 1219 „·

555 1241 613 1323 vt
634 1237 885 1349 gratorum
916 1220 1127 1347 filiorum
1162 1223 1214 1333 in
1247 1220 1406 1323 nostra
1427 1221 1651 1362 iugiterr
1716 1222 1951 1343 pluuntur
1969 1250 2071 1315 me·

556 1342 731 1439 moria.
754 1342 763 1393 ·’
803 1336 1075 1461 Quomodo
1096 1369 1332 1464 =namque
1375 1354 1503 1437 tantr
1545 1323 1675 1433 bene
1699 1355 1892 1433 actores
1939 1334 2072 1463 apud
2212 1343 2222 1360 ⁴

482 1503 485 1510 ·
559 1461 863 1556 cecutientes
895 1458 1039 1553 huius
1072 1456 1244 1582 mundi
1266 1457 1534 1555 dilectores
1563 1456 1751 1573 vadunt
1784 1460 1838 1551 in
1862 1455 2075 1551 obliuio-

557 1609 694 1691 rum,
724 1608 850 1702 quos
885 1592 1068 1671 aeterna
1099 1578 1250 1703 potiri
1285 1578 1444 1702 gloria
1479 1605 1582 1670 non
1628 1572 1906 1668 dubitamus
1937 1570 2073 1699 apud

459 1765 468 1779 .
557 1693 888 1790 misericordie
924 1693 1222 1818 dominum„
1263 1692 1527 1789 indefessos
1569 1691 1931 1806 intercessores,
1983 1688 2075 1797 uisi

471 1922 474 1929 ι
559 1811 758 1907 forsitan
788 1815 840 1906 in
876 1828 1036 1907 toturn
1073 1815 1228 1906 cecati
1264 1812 1396 1907 clara
1442 1814 1555 1907 luce
1596 1810 1920 1936 palpitemus‚
1960 1838 2071 1934 per·

560 1930 689 2026 lidiae
720 1934 772 2023 iu
804 1930 1025 2026 tenebris
1062 1960 1172 2025 cum
1219 1931 1363 2025 huius
1402 1930 1582 2030 mundi
1626 1927 1948 2047 amatoribus<
2001 1928 2074 2019 ui·

481 2130 487 2139 .
557 2048 653 2143 bus
688 2046 955 2173 spiritualia
981 2077 1088 2145 non
1123 2046 1343 2174 sapiunt,
1375 2048 1591 2141 carnalia
1621 2076 1751 2141 vero
1792 2060 1897 2139 tam·
1940 2076 1981 2139 ae
2017 2076 2075 2139 u-

374 2258 380 2287 ,
561 2169 665 2259 anti
695 2166 1055 2289 prosequuntur
1087 2196 1282 2280 amore,
1313 2165 1542 2260 volentes
1572 2194 1663 2290 per
1694 2162 1828 2257 aestus
1850 2178 1902 2257 et
1924 2160 2071 2291 frigo-

446 2352 448 2359 ,
558 2314 641 2399 ra,
720 2312 773 2376 er
804 2282 989 2407 alpium
1032 2280 1287 2408 scopulos,
1331 2297 1383 2411 et
1421 2283 1590 2408 aspera
1628 2282 1829 2377 vallium
1869 2282 2076 2397 itinera,

522 2502 526 2511 ,
553 2430 652 2529 per
683 2314 842 2527 syrtes
878 2430 1114 2527 aquarum
1146 2415 1198 2493 et
1226 2404 1404 2515 maria,
1446 2431 1537 2527 per
1570 2397 1767 2497 fraudes
1800 2413 1852 2499 et
1884 2398 2081 2494 violeu-

245 2554 249 2563 ⁴
378 2548 388 2559 ’
430 2558 437 2565 ·
556 2519 685 2633 tias,
714 2531 765 2611 et
794 2518 936 2629 mille¹
963 2518 1109 2613 huius
1138 2520 1273 2617 vitae
1294 2516 1598 2632 discrimina,
1641 2531 1695 2615 vt
1720 2518 1869 2620 huius
1902 2518 2074 2627 mundi

559 2636 705 2746 citius
736 2638 953 2847 peritura
984 2637 1284 2761 conquirant
1317 2634 1522 2763 gaudia,
1552 2634 1673 2731 dein
1701 2665 1829 2735 tero
1871 2637 1925 2729 in
1966 2638 2073 2730 cius

560 2784 711 2875 manu
774 2768 882 2848 atus
914 2784 1085 2849 eorum
1116 2769 1374 2877 permanet
1399 2756 1488 2879 pia
1518 2782 1606 2849 eos
1636 2756 1790 2878 patris
1814 2754 2089 2858 affcctione,

390 2954 391 2959 t
559 2886 824 2967 vocantem
856 2886 1210 2986 contemnunt,
1240 2886 1292 2967 et
1321 2872 1403 2998 ipsi
1436 2902 1605 2967 veram
1629 2871 1864 3011 gloriam,
1918 2886 1970 2965 et
1994 2901 2074 2965 re·

437 2994 446 3011 “
559 3018 711 3125 gnum
741 3006 1062 3202 perpetuum,
1094 3021 1151 3085 ac
1182 2988 1416 3116 gaudium
1445 2988 1733 3090 indesinens
1756 2990 1851 3086 sese
1872 2990 2073 3117 sequen·

559 3105 693 3200 tibus
724 3139 851 3234 quar
883 3109 1171 3205 mutabilem
1196 3109 1486 3236 despiciunt.
1546 3109 1682 3208 Hinc
1709 3108 1774 3202 est
1795 3109 1937 3236 quod
1953 3138 2083 3202 non·

535 3222 689 3326 ‚nulli
719 3226 846 3352 quasi
877 3227 1053 3354 sopore
1084 3233 1276 3358 grauati
1305 3229 1482 3325 oculos
1522 3227 1578 3323 in
1616 3244 1801 3331 terram
1829 3226 2081 3353 defigunt,

559 3340 768 3448 caelestia
810 3376 914 3439 non
955 3349 1249 3462 attendunt,
1288 3347 1598 3444 sacerdotum
1639 3345 1846 3440 salubria
1872 3347 2075 3440 ‘monita
2123 3427 2131 3437 .

562 3473 613 3554 et
643 3491 787 3556 exem
822 3465 873 3558 la
902 3463 1161 3566 deludunt.
1218 3467 1280 3560 ln
1305 3466 1423 3560 solis
1451 3466 1598 3582 huius
1627 3463 1797 3559 mundi
1835 3463 1981 3556 lucris
2024 3475 2078 3554 et

463 3609 502 3696 J
559 3575 731 3790 ¹poesin
801 3601 919 3676 nem
950 3584 1270 3700 coustitutmt,
1310 3585 1452 3679 etin
1495 3584 1567 3678 eis
1606 3583 1688 3676 sue
1717 3579 2082 3676 'oblectationis

594 3695 788 3809 duciam
823 3700 906 3796 sibi
935 3717 1202 3828 reponunt.
1258 3702 1492 3828 Sicergo
1519 3716 1570 3802 et
1591 3700 1856 3796 hisdiebus
1871 3701 1925 3792 in
1943 3712 2082 3794 vtro·

597 3823 670 3908 ue*
698 3815 823 3912 statu
863 3821 1063 3945 quidam
1096 3822 1281 3947 prelati
1322 3836 1374 3916 et
1412 3817 1639 3946 praesides
1680 3818 1926 3930 fascinati,
1980 3841 2080 3908 nee

619 3934 668 4026 ci
695 3955 932 4063 precepta
964 3940 1254 4052 attendunt,
1284 3971 1449 4066 neque
1480 3942 1719 4032 maiorum
1745 3941 1934 4032 monita
1975 3935 2075 4026 cari

557 4050 817 4177 pendunt,
857 4059 1114 4154 timoratos
1141 4059 1420 4178 abijciunt,
1469 4087 1658 4182 prunas
1694 4069 1745 4149 et
1783 4053 2075 4180 vespiliones

421 4223 425 4230 ·
516 4251 522 4258 .
562 4167 625 4264 ad
657 4169 706 4263 se
735 4175 1064 4299 recolligunt,
1100 4175 1389 4272 adulatores
1422 4174 1601 4282 fouent
1643 4188 1693 4299 et
1732 4177 1983 4286 nutriunt,
2020 4181 2072 4261 et

562 4285 693 4422 quast
724 4290 778 4381 in
810 4291 994 4413 delicijs
1028 4295 1300 4409 deebriati,
1335 4293 1510 4420 quales
1550 4295 1621 4386 sui
1666 4292 1805 4386 sucre
1850 4287 2075 4416 primaeui

382 4475 423 4504 ,·
562 4401 686 4498 olrm
727 4411 1082 4530 antecessores,
1143 4431 1231 4508 aut
1272 4413 1485 4538 qualiter
1526 4409 1794 4537 aliquando
1845 4411 2073 4503 vixerunt

354 4526 358 4540 '
557 4521 1060 4626 vixtenuimemoria
1094 4531 1398 4660 quodetiam
1431 4559 1521 4656 per
1552 4559 1663 4623 raro
1687 4529 1792 4622 sieri
1832 4523 2082 4620 credimus
2151 4573 2159 4588 ·

466 4707 469 4716 ,
560 4641 841 4766 agnoscunt.
867 4650 1002 4748 ¹Hinc
1016 4649 1084 4745 etr
1106 4647 1569 4777 quodPreiatorum
1589 4647 1864 4770 memoria,
1880 4660 1932 4738 et
1951 4643 2079 4766 ipso‹
2323 4688 2324 4711 ι

549 4786 670 4854 rum
699 4757 852 4864 laude
887 4767 1040 4896 dgna
1068 4784 1156 4866 aut
1185 4765 1440 4894 culpanda
1468 4765 1675 4865 fortassis
1712 4794 1865 4892 opera
1890 4764 1948 4882 src
1972 4761 2076 4857 abi-'¹
2169 4777 2173 4789 '
2320 4858 2324 4994 1

813 4949 848 4980 .-
1871 4895 2018 4981 erunt
