4717 6050
613 449 1409 576 nersc'orrra'rav.
1636 521 1757 604 4„

178 701 183 712 ’
251 703 566 832 Imperatoris
597 701 619 822 (
633 697 922 826 quemltali
951 695 1286 793 Rarbarullam
1316 699 1531 823 vocant)
1563 698 1767 823 quiimi-

250 827 327 918 nis
380 836 430 916 et
466 820 816 916 blandimentis
863 844 940 907 ma
975 843 1087 908 nam
1128 815 1439 910 Alemanniae
1485 821 1765 941 partemin
1929 919 1934 932 ,

250 939 385 1034 luum
415 938 577 1034 lcilma
611 937 800 1059 coegit,
842 947 892 1026 et
943 963 986 1027 rc
1016 929 1080 1024 ad
1112 931 1504 1050 subscribendum
1536 933 1766 1030 rebellio·

243 1085 365 1152 nem
399 1069 571 1162 contra
592 1048 929 1149 Alexandrum
960 1047 1155 1144 tertium
1188 1049 1445 1175 persuasit,
1478 1049 1569 1144 Cui
1589 1051 1765 1146 Alber·
1947 1121 1951 1129 =

251 1188 330 1268 tus
350 1217 358 1230 ν
381 1171 614 1268 luccellor
664 1165 880 1262 Conradi
925 1166 1314 1378 Saltzburfenlis
1353 1167 1670 1293 Archiepilco
1709 1201 1766 1267 us

242 1304 302 1386 ‘et
355 1289 669 1384 Hermannus
723 1283 1018 1395 Brixinenfis
1069 1283 1327 1410 epicopus
1381 1300 1434 1379 et
1474 1315 1645 1411 praepo
1669 1302 1766 1384 itus
1864 1375 1868 1380 ,

58 1423 103 1441 ”
249 1404 668 1530 Newnburgenfis
710 1401 915 1518 viriliter
955 1397 1231 1496 relliterunt
1273 1430 1569 1526 quamquam
1610 1403 1766 1500 literis

181 1511 191 1538 ‘
251 1538 304 1618 et
333 1519 797 1624 comminationibus
829 1517 892 1613 ad
923 1517 1191 1612 Henricum
1221 1516 1399 1611 ducem
1428 1518 1631 1612 Aullriae
1661 1523 1768 1616 mil·

248 1635 311 1733 fis
355 1652 406 1733 et
435 1641 601 1733 multis
632 1635 1031 1732 tribulationibus
1078 1665 1170 1761 per
1208 1633 1539 1760 supradictum
1575 1633 1654 1730 Ru
1693 1669 1766 1735 er·

250 1769 355 1848 tum
398 1755 486 1850 libi
526 1755 758 1849 suscitatis
812 1767 863 1846 et
905 1753 977 1846 lm
1015 1767 1261 1848 eratorem
1302 1751 1461 1847 fuillet
1501 1784 1631 1892 expo
1655 1773 1765 1852 rtus.
1857 1801 1862 1807 ·

82 1987 86 1997 Ι
125 1977 127 1982 .
249 1872 345 1968 Hic
376 1871 619 1966 Henri'cus
650 1871 948 1964 scismaticus
977 1783 1072 1974 luit
1100 1867 1253 1963 frater
1291 1867 1581 1971 Theobaldr
1623 1871 1768 1968 Pata·

245 1989 487 2094 uienlise
524 1988 689 2112 ilcopi.
729 1983 832 2080 Sed
865 2015 998 2080 anno
1024 1982 1215 2079 domini
1237 1983 1520 2120 MQLXIX
1550 1987 1764 2112 Impera·

67 2191 77 2202 .
237 2119 330 2201 ¹tor
359 2019 662 2230 saltzburgae
694 2104 878 2194 curiam
909 2100 1166 2224 celebrans
1199 2101 1382 2196 Arclne
1421 2101 1518 2196 ilco
1556 2117 1690 2200 atum
1710 2107 1769 2201 in

96 2258 100 2264 ·
249 2219 559 2316 deditionem
589 2219 795 2343 accepit
855 2219 1041 2314 Denuo
1071 2220 1223 2332 Auno
1245 2131 1553 2314 McLllxll
1583 2221 1775 2318 iterum·

245 2337 549 2464 Saltzburgae
581 2338 764 2431 curiam
796 2335 1066 2430 celebrauit
1095 2351 1148 2429 et
1177 2333 1326 2430 Clero
1358 2333 1578 2433 adunato
1608 2339 1768 2459 collo·

248 2456 416 2580 quium
440 2456 613 2549 habuit
651 2452 826 2547 volens
855 2451 1067 2548 Alberto
1096 2453 1283 2548 Archie
1321 2452 1489 2578 ilcopo
1520 2455 1669 2550 alium
1691 2457 1764 2552 lu·

237 2585 560 2783 'Rerpllnl'l'e’l
596 2569 1210 2785 sedstullllflsstatlllnmestil
1280 2483 1384 2711 §ed
1444 2569 1771 2787 016ὶὶἷῶῗῆ

236 2717 736 2902 ‘llbertlrlipllieclile'
767 2716 983 2928 ilddlrlrm
1031 2717 1374 2941 relggarllltmlrl
1416 2806 1619 2902 exilium
1662 2806 1685 2931 (
1696 2757 1765 2905 ed

244 2919 380 3049 quod
423 2921 548 3015 viius
589 2920 654 3016 en
761 2916 981 3013 exandro
1014 2934 1162 3016 tertio
1203 2920 1402 3018 fauores
1443 2922 1794 3049 impendere„

243 3052 294 3135 et
325 3038 712 3135 scismaticorum
750 3036 1147 3132 communionem
1183 3037 1442 3180 deuitare)
1494 3056 1548 3136 et
1581 3042 1761 3139 Henri·

244 3186 355 3368 {tlt
385 3154 696 3397 llllssllll'
726 3154 768 3247 Β
777 3149 1526 3396 uetitltlltlttttttlt
1542 3160 1760 3371 trit
1865 3207 1869 3211 ’

60 3370 64 3377 ’
240 3386 434 3485 bertum
452 3385 779 3509 confirmauit.
869 3384 957 3489 Iste
977 3382 1303 3481 Theobaldus
1324 3388 1589 3525 plurimum
1608 3390 1761 3485 offen·

234 3506 316 3601 'dit
345 3502 669 3599 monasterum
699 3504 752 3597 in
783 3492 1224 3619 Crelnbsmunster‚
1255 3534 1371 3629 quta
1396 3504 1597 3600 fratrem
1619 3508 1758 3606 suum
1844 3538 1873 3567 ·

239 3620 602 3751 Manegoldum
644 3623 697 3715 in
738 3618 988 3715 Abbatem
1028 3615 1191 3714 eidem
1229 3620 1327 3717 lure
1359 3620 1614 3719 canonica
1655 3625 1760 3721 ele·
2004 3634 2010 3643 ’

239 3740 408 3836 ctione
425 3738 631 3834 intrusit
668 3737 733 3834 ob
768 3734 906 3865 quod
937 3738 1067 3832 inter
1097 3734 1276 3833 fratres
1309 3741 1467 3868 iurgia
1498 3754 1550 3836 et
1579 3739 1756 3837 discor·

89 3870 96 3882 '
235 3856 373 3952 diam
405 3856 660 3953 leminauit
695 3855 823 3951 adeo
866 3870 920 3950 vt
958 3854 1064 3949 haec
1104 3853 1402 3953 dillenlionis
1443 3861 1651 3954 materia
1690 3858 1756 3955 ad

227 3974 520 4073 'Romanum
571 3970 857 4099 pontificem
899 3972 1151 4067 Vrbanum
1194 3975 1392 4071 tertium
1433 3974 1529 4070 fuit
1570 4002 1755 4103 prouo-

50 4126 58 4219 ·‚
231 4103 386 4189 'cata'
440 4093 576 4187 Inter
610 4090 734 4186 haec·
750 4105 919 4185 tamen
953 4088 1186 4216 praelatus
1216 4089 1539 4188 Theobaldus
1569 4096 1755 4219 episco-

235 4238 329 4337 pus
355 4208 488 4302 suum
511 4207 794 4336 pontificale
822 4207 1035 4305 officium
1066 4210 1118 4303 in
1141 4207 1451 4307 celebrandis
1473 4211 1618 4306 sacris
1640 4209 1753 4309 Cle·

167 4352 171 4364 ’
237 4327 451 4427 ricorum
491 4324 746 4423 ordinibus
789 4324 1130 4421 consecrandis
1171 4340 1224 4421 et
1251 4326 1632 4423 reconciliandis
1672 4360 1751 4426 ec·

238 4440 407 4561 clelrijs
447 4457 499 4536 et
537 4446 644 4561 alijs
684 4444 885 4569 propria
926 4444 977 4537 in
1007 4443 1216 4569 persona
1257 4442 1488 4542 deuotius
1528 4451 1752 4543 exercuit

234 4560 354 4655 licet
393 4558 445 4689 in
518 4561 707 4655 luribus
746 4561 941 4687 regulas
965 4568 1164 4691 'patrum
1230 4566 1445 4659 raeterire
1475 4591 1582 4658 non
1610 4595 1748 4662 vere·

236 4690 385 4772 retur.
456 4591 593 4773 llem
626 4678 834 4773 donauit
872 4675 1134 4775 Canonicis
1211 4678 1560 4794 atauienllbus,
1591 4681 1747 4777 eccle·
1838 4707 1843 4711 ·

236 4792 354 4891 'lam
373 4794 692 4894 lancti'Pauli
713 4794 925 4917 ibidem,
1013 4793 1101 4891 ute
1129 4792 1458 4897 Theobaldus
1487 4798 1747 5014 espiscopus

948 4912 1148 5045 Quia
1532 4944 1688 5014 ’κω
