4717 6050
477 372 493 403 N
566 381 1644 580 ·enaorrcoutcurnrruurusa.¹
1712 482 1785 550 42.

320 648 463 796 quod
487 650 751 763 lbcundum
776 646 1234 803 hystoriographum
1266 592 1734 785 eademprouincia
1755 660 1840 756 ba.
2004 683 2008 693 ·

323 788 502 897 uaria,
520 797 725 880 vocatur
767 812 796 874 a
838 780 1017 905 populr
1053 776 1265 874 veritate
1296 779 1459 919 (sorte.
1481 774 1714 915 feritate)
1753 784 1845 904 qui

320 906 445 1000 olim
468 904 527 996 ab
542 903 771 995 armenia
792 900 1052 1021 venientes
1076 893 1284 1019 expullis
1307 894 1486 1015 meolrr
1516 895 1587 987 rbi
1609 894 1848 990 sederunt

153 1057 159 1068 ·
324 1020 686 1117 etlrbirlomen
701 1013 1036 1109 aederunt-ab
1060 1010 1260 1106 bawaro
1282 1005 1367 1107 luo
1389 1009 1685 1106 duceretls
1710 1012 1842 1109 oliea
1991 1115 1997 1125 .

322 1140 469 1231 norix?
494 1126 621 1229 filius
643 1134 872 1251 Herculis
887 1132 1038 1225 'thano
1060 1124 1351 1256 expugnans
1380 1143 1608 1339 tempore
1689 1128 1840 1245 edeo’·

319 1254 399 1348 nis
443 1262 493 1347 et
526 1254 777 1347 ciuitatem
810 1246 1055 1350 edilieans'
1079 1248 1304 1340 noricum
1336 1248 1485 1371 appel
1506 1249 1610 1340 auit
1638 1262 1739 1341 tam
1762 1278 1843 1343 vr·

322 1372 436 1465 bem
469 1398 616 1495 quam
641 1370 897 1493 regionem
985 1367 1095 1478 Hae
1124 1392 1244 1457 vero
1276 1366 1450 1482 ciuitas
1477 1362 1641 1489 postea
1675 1364 1839 1503 a'Ty·
1944 1444 1949 1455 .

321 1487 461 1581 berio
499 1499 727 1609 reparata
762 1485 968 1577 tiberina
1001 1482 1069 1575 est
1101 1495 1278 1574 vocata
1297 1500 1409 1605 que
1442 1510 1576 1573 nunc
1606 1482 1760 1574 latine
1786 1514 1840 1575 rn

320 1603 529 1726 bripolis
550 1602 636 1695 vel
657 1599 978 1810 Repenlpurg
1002 1630 1031 1691 a
1052 1598 1250 1691 flumine
1274 1628 1327 1691 re
1362 1618 1427 1717 en
1470 1598 1554 1809 ‹pui
1585 1598 1655 1690 ibi
1685 1597 1840 1692 danu-

321 1720 457 1813 bium
490 1720 649 1815 in‘lluit
685 1748 749 1809 ve
803 1719 1050 1841 ratispona
1082 1732 1116 1807 a·
1139 1741 1311 1839 ponon
1350 1728 1471 1809 oet
1548 1714 1680 1809 endo
1704 1732 1841 1811 rates

319 1866 434 1928 eum
458 1834 702 1929 mercibus
731 1836 992 1949 venientes
1030 1824 1327 1958 generaliter
1362 1864 1424 1929 a.
1464 1834 1521 1951 el
1561 1845 1642 1925 tur
1713 1832 1870 1927 Item'
1953 1949 1956 1955 Ι

320 1955 520 2045 noricus
563 1949 787 2090 Ripenlrs
832 1952 934 2071 ipsa
974 1950 1112 2071 regio
1154 1862 1543 2066 vocaturlssuija
1571 1948 1840 2044 subductis

321 2068 573 2163 montibus
608 2098 751 2192 r1ppa
787 2065 1001 2186 danubij’
1017 2062 1233 2187 undique
1256 2067 1385 2157 aruis
1406 2080 1457 2156 et
1483 2065 1641 2159 vitreis
1667 2064 1840 2158 fecun-

318 2182 466 2279 datur
556 2184 686 2277 Hinc
726 2186 881 2276 eciam
918 2195 969 2274 et
999 2180 1254 2275 orientalis
1287 2178 1486 2274 dicitur·
1518 2182 1638 2305 quia
1672 2182 1841 2275 versus

318 2302 565 2392 orientem
602 2298 682 2394 res
713 2301 798 2392 icit
886 2299 1010 2393 Item
1046 2296 1220 2391 eadem
1255 2296 1527 2423 ostrogocia
1561 2298 1838 2425 agentium
1981 2325 2008 2364 s

319 2418 527 2507 nomiae
550 2329 841 2553 appellatur.
869 2438 875 2465 ²
902 2415 1136 2510 Wabaria
1158 2428 1321 2509 autem
1340 2430 1459 2533 tunc
1480 2419 1680 2540 proprie
1703 2415 1836 2509 dice·
1893 2531 1902 2541 „

319 2529 466 2649 batur
499 2534 755 2659 promncia
803 2547 900 2745 pue
935 2530 1092 2625 eliab
1124 2531 1271 2624 analo
1302 2532 1502 2626 flumine
1546 2546 1598 2626 et
1632 2532 1838 2627 ciuitate·

320 2648 469 2771 vique
498 2648 566 2741 'ad
593 2649 777 2753 lichum
840 2652 1019 2742 uuium'
1039 2649 1123 2773 qui
1156 2675 1265 2742 eam
1301 2648 1362 2740 ab
1394 2647 1625 2742 alimania
1655 2648 1836 2743 diuidit

214 2770 225 2853 :'
317 2791 497 2860 verum.
513 2766 775 2886 provincia
807 2795 904 2890 que
924 2765 989 2857 eli
1009 2764 1405 2859 intersaxoniam
1429 2782 1480 2859 et
1494 2764 1762 2860 danubium
1773 2780 1834 2859 et

310 2878 464 2973 ialam
487 2882 689 2976 fluuios'
741 2911 802 2974 ue
826 2910 958 2975 nunc
981 2880 1134 2974 lalcza
1157 2881 1335 2974 dicitur
1368 2881 1637 2977 Germania
1651 2884 1726 2977 eli
1747 2910 1833 2977 vo·
1878 2963 1883 2973 .

314 3008 427 3088 cata
455 2998 524 3092 Et
547 2997 692 3092 heea
758 3001 918 3094 rancis
943 2994 1265 3093 orientalibus
1285 2995 1549 3114 habitatur.
1600 3000 1709 3094 Hec
1732 3000 1835 3125 ipsa
1908 3093 1912 3110 ,

316 3112 416 3204 lala
450 3115 529 3206 v'el
553 3116 703 3220 salcza
727 3117 1001 3241 preterfluit
1023 3115 1272 3209 ciuitatem
1294 3116 1545 3210 luuauiam
1614 3149 1676 3212 ue
1691 3124 1833 3210 'nunc

317 3227 379 3319 ab
416 3229 594 3322 eodem
629 3231 828 3324 flumine
861 3231 1140 3354 lalczpurga
1163 3229 1345 3325 dleitur
1375 3231 1460 3324 vbi
1483 3149 1736 3356 quoidam
1759 3235 1845 3328 fe·-

316 3342 411 3437 dus
440 3347 613 3438 initum
636 3344 713 3440 eli
734 3347 1131 3440 Inter‘Karolum
1152 3372 1383 3470 magnum
1413 3361 1465 3441 et
1488 3381 1618 3476 nyee
1654 3351 1834 3444 horum

319 3460 674 3600 Imperatorem
720 3461 1304 3588 constantinopolitanum
1344 3464 1438 3561 vbi·
1465 3463 1600 3561 idem
1664 3465 1833 3562 arolua

275 3707 277 3715 Α
317 3576 436 3686 Iecrt
456 3580 720 3706 pallacium
745 3580 1005 3707 Imperiale
1038 3595 1130 3682 etc·
1323 3629 1326 3632 ·

705 3815 711 3826 '
743 3815 846 3951 De¹
870 3777 1055 3911 viribur
1073 3947 1079 3964 ¹
1095 3806 1406 3912 babarorum.
1457 3880 1461 3888 ·

336 4131 340 4136 .
436 4049 691 4146 Invenitur
716 4061 879 4143 autem
905 4051 956 4143 in
979 4045 1199 4173 hystorijs
1221 4063 1272 4145 et
1296 4064 1411 4144 ante
1432 4051 1835 4166 incarnacionem
1877 4044 1879 4048 ’

205 4263 209 4268 ,
317 4168 572 4266 saluatoris
602 4165 776 4262 mundi
810 4179 862 4261 et
892 4164 1057 4289 postea
1090 4164 1278 4292 pluries
1309 4197 1495 4262 nomen
1527 4167 1743 4262 bawarie
1777 4183 1831 4263 et
1868 4227 1874 4245 ι

316 4285 523 4381 ducatus
546 4299 597 4377 et
612 4283 748 4410 quod
769 4285 1025 4379 aromanis
1049 4284 1184 4378 Inter
1207 4283 1327 4379 alias
1350 4285 1630 4410 provincias
1650 4283 1704 4377 lit
1720 4284 1832 4379 fub-

319 4418 427 4496 acta
470 4419 521 4496 et
545 4399 681 4526 quod
707 4400 887 4504 eisdem
910 4428 1281 4525 nonnumquam
1302 4433 1414 4496 cum
1437 4401 1596 4497 nobiIi
1616 4404 1832 4498 motoria
1966 4508 1972 4518 ,

318 4517 590 4614 rebellauit.
642 4519 822 4646 legitur
840 4545 1037 4645 ‘nempe
1089 4516 1222 4644 quod
1252 4519 1405 4614 Iulius
1435 4518 1581 4614 Cesar
1610 4592 1615 4601 .
1656 4519 1706 4613 ui
1733 4518 1830 4614 fuit

67 4745 72 4756 Ι
209 4730 211 4736 ,
321 4637 501 4728 tercius
545 4651 660 4730 ante
708 4637 1022 4730 Octauianum
1062 4637 1218 4756 multa
1251 4636 1409 4760 prelia
1442 4667 1555 4730 cum
1669 4638 1731 4732 lis
1775 4651 1836 4731 et·

320 4751 583 4847 Germanis
617 4753 850 4848 commisit
890 4755 957 4848 Et
988 4755 1101 4881 lepe
1136 4754 1340 4846 vincens
1375 4663 1633 4880 sepius-eb
1665 4757 1828 4877 victus

318 4884 475 4965 totam
507 4869 1020 4995 galliamet'lueuiam
1044 4899 1341 4994 omnemque
1367 4869 1684 4967 Germaniam
1714 4901 1827 4964 cum
1885 4935 1907 4992 ,ω

153 5011 159 5019 ·
317 4985 443 5084 duce
492 4987 707 5102 bawarie
753 4989 1073 5200 bohemundg
1118 4987 1332 5087 subdidit
1375 4988 1598 5087 dominio
1642 4987 1839 5082 Roma-2

528 5161 531 5165 ·
1081 5137 1113 5234 g
1122 5137 1212 5234 gg
1618 5135 1797 5210 norum
