4717 6050
615 442 694 517 sn
1062 384 1555 497 'auonrmr

558 636 688 727 runt.
721 620 865 716 Viros
886 617 1036 715 etiam
1059 629 1110 714 et
1128 570 1363 716 mulieres
1383 622 1468 747 qui
1488 617 1552 715 ad
1575 618 1823 717 eceteram
1844 622 2079 839 conluge-

409 818 410 821 κ
559 753 673 833 rant
703 737 1027 835 trucidabant.
1080 737 1271 833 Pueros
1295 754 1460 833 autem
1485 741 1537 833 in
1563 742 1702 833 cunis
1731 742 1964 836 iacentes.
2022 769 2076 839 o·

558 857 694 951 hemi
724 885 815 981 per
843 852 1000 1067 pedes
1032 854 1334 981 arripiebant
1365 859 1416 951 et
1438 888 1525 952 eos
1552 856 1615 950 ad
1639 857 1929 985 columpnas
1951 862 2073 987 lapi·

558 971 682 1067 deas
707 973 843 1067 eccle
880 1004 906 1066 e
931 972 1247 1081 collidebant.
1318 1002 1411 1097 pro
1431 972 1612 1069 talibus
1647 989 1700 1068 et
1729 974 1805 1069 bis
1830 974 2070 1073 similibus.
2182 1072 2185 1076 ,

449 1187 451 1191 ,
561 1090 660 1186 eti
698 1088 726 1183 fi
760 1091 943 1217 Vngari
974 1104 1024 1183 et
1055 1092 1261 1184 comani.
1295 1106 1349 1183 ut
1378 1090 1705 1217 supradictum
1729 1091 1806 1187 eu
1835 1094 2074 1189 Austriam

560 1224 612 1303 et
633 1122 752 1302 abas
775 1222 931 1301 terras
954 1209 1083 1333 regis
1108 1206 1339 1302 bohemie
1361 1207 1594 1304 incendio
1626 1224 1677 1303 et
1698 1211 1883 1336 rapinis
1906 1211 2075 1305 Deua·

560 1324 760 1420 stabant.
790 1326 936 1418 Viros
967 1354 1166 1449 quoque
1200 1325 1431 1422 mulieres
1467 1342 1518 1420 et
1540 1326 1776 1450 paruulos
1804 1326 1941 1420 velut
1960 1344 2073 1452 pec·

561 1474 679 1538 cora
707 1472 801 1568 per
827 1456 1010 1536 turmas
1041 1442 1203 1537 secum
1232 1439 1579 1539 Deducebant.
1610 1474 1821 1569 raroque
1853 1443 1947 1537 fuit
1976 1477 2091 1570 pax.

255 1550 257 1555 ⁸
380 1592 383 1595 ·
558 1564 690 1656 inter
720 1590 823 1654 eos.
881 1559 1088 1655 Mortuo
1119 1559 1376 1686 Stephano
1406 1592 1523 1688 rege
1546 1563 1773 1699 Vngarie.
1804 1559 2072 1656 Ladillaus.
2202 1567 2205 1571 ’

559 1678 689 1772 filius
710 1678 819 1773 suus
844 1680 1069 1804 regnauit
1099 1708 1193 1801 pro
1224 1708 1301 1773 co.
1342 1711 1451 1773 curn
1482 1709 1582 1804 quo
1615 1694 1762 1771 etiam
1791 1708 1878 1771 rex
1907 1677 2070 1773 Bohe-

560 1798 659 1890 mie
690 1793 843 1887 multa
872 1794 1007 1888 bella
1038 1795 1345 1892 exercitatus.
1377 1798 1526 1937 usque
1559 1793 1622 1889 ad
1647 1794 1913 1889 aduentum
1944 1800 2072 1923 regis

560 1940 891 2013 romanorum.
971 1926 1091 2005 tunc
1124 1913 1369 2008 exculium
1400 1912 1494 2009 furt
1528 1914 1693 2037 iugum
1724 1910 2071 2009 Bohemorum.

562 2060 593 2123 a
623 2029 896 2123 ceruicibus
929 2028 1255 2154 Vngarorum.
1298 2031 1534 2156 aquibus
1575 2031 1787 2155 grauiter
1829 2032 2071 2155 opprime·

465 2165 469 2173 '
561 2147 754 2242 bantur.
837 2142 1166 2242 Reuertamur
1190 2149 1336 2273 igitur
1367 2146 1430 2241 ad
1451 2148 1717 2242 materiam.
1775 2143 1887 2240 Rex
1905 2161 2071 2242 autem

558 2261 805 2359 bohemie.
846 2262 934 2357 illa
971 2262 1054 2359 die
1100 2294 1198 2391 qua
1238 2266 1423 2359 occisus
1468 2263 1543 2376 est.
1588 2263 1749 2357 nudus
1781 2278 1836 2356 ut
1865 2264 2070 2389 agredus

431 2456 433 2463 .
515 2482 520 2490 ,
561 2379 625 2476 de
667 2394 810 2474 utero
852 2383 1020 2477 matris
1062 2382 1144 2477 suc
1184 2378 1359 2476 fuerat.
1400 2413 1491 2507 per
1521 2379 1794 2507 predictum
1860 2381 2070 2475 erchtol·

560 2498 678 2594 dum
708 2496 1019 2621 Dapiferum.
1050 2498 1260 2624 plaustro
1291 2500 1592 2709 squonitur.
1622 2500 1753 2592 etin
1836 2496 2070 2592 archkeka

558 2618 675 2711 kam
695 2614 921 2708 Ducitur.
982 2616 1030 2709 O
1068 2617 1191 2725 mira
1223 2616 1326 2708 Dei

531 2736 668 2845 eius
701 2728 952 2825 Iudicium.
989 2728 1130 2857 quod
1164 2746 1331 2826 tantus
1365 2731 1477 2827 Rex
1514 2748 1565 2826 et
1594 2734 1762 2858 prince
1800 2765 1823 2827 s
1857 2731 2068 2827 sublimis

559 2848 878 2949 Diuersarum
930 2847 1294 2974 provinciarum
1349 2849 1705 2944 mundanarum
1805 2850 2067 2945 iuiciarum.

379 3069 385 3080 ,
446 3031 451 3041 κ
560 2964 961 3094 opulentiffimus.
994 2968 1078 3092 qui
1102 2963 1449 3060 dominabatur
1477 2969 1647 3061 amari
1670 2967 1817 3093 usque
1840 2964 1903 3060 ad
1923 2995 2068 3061 mare.

561 3086 647 3212 qui
671 3084 776 3203 alijs
802 3082 1057 3209 magnifice
1082 3079 1236 3176 Dona
1261 3083 1546 3179 donauerat.
1577 3116 1680 3179 non
1707 3085 1858 3179 habet
1888 3082 1972 3178 vbi
1995 3115 2068 3177 ca·

558 3215 652 3328 put
685 3201 818 3294 suum
851 3201 1076 3296 reclinet.
1106 3198 1193 3297 vel
1225 3199 1355 3295 vnde
1391 3216 1527 3329 tegat
1562 3203 1643 3295 lua
1672 3199 1906 3300 verenda
1948 3201 2083 3296 Heri

364 3319 375 3404 ζ
513 3375 518 3378 -
558 3319 726 3412 multis
761 3306 1012 3411 nobilibus
1039 3318 1334 3455 imperabat.
1381 3320 1546 3414 Hodie
1588 3349 1717 3413 vnus
1759 3321 1968 3444 imperat
2010 3321 2068 3413 ei

557 3437 681 3531 Heri
713 3466 823 3528 curn
853 3435 936 3528 luo
965 3449 1188 3529 exercrtu
1229 3448 1408 3529 terram
1438 3435 1651 3563 tegebat.
1691 3436 1856 3530 Hodie
1889 3451 1939 3528 te
1977 3435 2069 3530 'tut

560 3585 590 3646 a
620 3567 762 3648 tetra.
817 3551 940 3646 Heri
975 3553 1080 3673 alijs
1114 3581 1329 3763 purpura
1362 3555 1646 3678 (purpuram)
1680 3553 1862 3647 Dabat.
1953 3551 2067 3648 odie

558 3669 836 3764 nonhabet
858 3671 1119 3762 vnumlint
1157 3691 1344 3762 eamen.
1396 3671 1479 3763 De
1505 3670 1812 3764 Marcbekka
1835 3700 1956 3786 vero
1981 3665 2068 3764 du·

559 3790 684 3881 citur
713 3790 765 3880 in
798 3786 1077 3880 Wiennam.
1113 3788 1279 3910 ibique
1312 3787 1693 3910 lamentabiliter
1724 3787 1986 3911 suscipitur.
2019 3800 2069 3882 et

560 3903 623 3998 ad
643 3906 823 3999 Scotos
915 3906 1056 3997 nitur.
1118 3903 1272 3997 Mane
1295 3902 1522 3998 dedomo
1533 3905 1810 3998 Scotorum.
1835 3934 1944 4020 cum
1956 3917 2066 3998 toto

557 4019 693 4116 clero
717 4034 768 4114 et
791 4051 844 4116 re
867 4021 1023 4146 igiofis
1045 4020 1348 4114 iub'filencio
1372 4021 1510 4114 nullo
1533 4036 1679 4113 cantu
1703 4021 1940 4144 premillo.
1959 4020 2065 4114 nul·

554 4139 616 4233 lis
645 4142 892 4264 campanis
916 4138 1128 4263 pulsatis.
1153 4138 1215 4231 ad
1236 4138 1456 4232 Domum
1478 4137 1679 4230 fratrum
1703 4139 1940 4230 minorum
1961 4136 2064 4230 De·

515 4283 519 4296 ·
555 4271 801 4384 portatur.
824 4257 989 4380 ibique
1012 4255 1148 4348 nuda
1170 4254 1297 4349 facie
1323 4255 1551 4349 omnibus
1569 4253 1859 4348 ostenditur.-
1893 4252 2065 4348 Postea

556 4374 727 4468 eiectis
767 4373 1094 4468 interioribus.
1138 4402 1317 4496 corpus
1355 4374 1608 4500 speciebus
1643 4372 1882 4464 conditur.
1920 4372 2065 4467 lineis

554 4487 762 4584 mundis.
791 4508 842 4584 et
863 4499 1077 4616 'purpura
1103 4521 1130 4584 a
1154 4491 1323 4615 regina
1347 4519 1661 4581 romanorum
1684 4487 1829 4582 Datis
1854 4487 2063 4613 inuolui-

554 4623 647 4703 tur.
681 4622 731 4700 et
761 4609 812 4701 in
834 4609 1051 4732 capitulo
1074 4606 1276 4702 fratrum
1301 4609 1543 4699 minorum
1565 4605 1882 4698 intumulatus
1913 4603 2062 4699 nullis

414 4828 419 4843 ,
554 4721 825 4821 infidelium
866 4727 1122 4852 (fidelium)
1161 4753 1256 4852 pro
1294 4755 1355 4820 eo
1392 4725 1612 4849 exequiis
1652 4721 1925 4820 celebratis.
1965 4748 2060 4816 nec

1873 4867 1999 4938 cam·

1411 2616 1641 2740 ispoficio.
1684 2630 1735 2709 et
1763 2612 2070 2710 tremendum
2202 2665 2209 2673 ·
