4717 6050
886 432 1533 552 rnavrm··.'
1703 488 1850 555 nr.

326 678 535 761 oscitanter
551 664 696 783 scripta
713 690 920 781 tamquam
937 680 1088 755 lacinia
1106 678 1241 755 eidem
1268 652 1470 753 attuo'et.
1525 672 1681 779 Quibus
1700 682 1828 757 omni·
1882 691 1885 699 ‘

325 784 397 865 bus
435 784 574 869 ordine
612 784 798 885 expositis
832 796 973 883 patet,
1007 780 1276 857 Zwetlensem
1312 777 1675 888 Chronograplrum
1701 785 1829 859 altero

324 888 553 987 Anonymo·
583 899 700 963 aetate
735 884 1025 987 posteriorem,
1062 908 1242 983 cumque
1267 881 1397 984 ipsum
1432 887 1596 961 omnino
1631 885 1762 977 fuisse,
1787 889 1830 961 in

325 1012 446 1089 quem
463 990 650 1063 immanis
667 989 795 1091 plagii
815 988 935 1088 culpa
954 984 1200 1061 conferenda
1215 986 1269 1060 fit.
1332 982 1605 1086 Quaecumque
1634 991 1742 1062 enim
1767 990 1830 1063 hic

323 1088 555 1167 Zwetlenfis
574 1088 626 1165 ab
646 1114 752 1170 anno
771 1116 859 1188 973.
880 1112 1003 1188 usque
1022 1088 1076 1162 ad
1094 1106 1243 1163 annum
1264 1114 1278 1161 r
1284 1113 1374 1185 315
1392 1090 1433 1162 in
1453 1084 1656 1165 Chronico
1674 1088 1741 1163 suo
1760 1090 1830 1163 ad·
1908 1118 1915 1131 *

318 1183 421 1285 sert,
448 1217 499 1274 ea
516 1193 663 1268 iisdem
680 1190 837 1283 verbis,
864 1188 1102 1293 paucissimis
1114 1191 1296 1281 mutatis,
1323 1212 1376 1264 ex
1385 1184 1831 1291 AnonymiAnnalibus

321 1292 541 1396 descripsit,
569 1293 842 1395 compluribus
852 1307 1010 1385 tamen,
1026 1294 1067 1367 in
1078 1291 1222 1391 quibus
1240 1290 1481 1390 Anonymus
1493 1291 1654 1367 uberior
1672 1290 1745 1383 est,
1762 1317 1832 1368 ne·

323 1398 477 1500 glectis.
503 1395 593 1473 Post
611 1422 759 1477 annum
782 1424 891 1493 1315.
914 1396 1089 1495 patriam
1115 1390 1339 1485 historiam,
1367 1393 1563 1493 praemissa
1590 1396 1833 1496 compendio

323 1498 619 1592 Austriacorum
638 1498 695 1574 en¹
708 1494 991 1600 Habsburgica
1007 1510 1124 1599 gente
1142 1496 1325 1587 Ducum,
1353 1496 1419 1594 qui
1445 1509 1538 1571 ante
1558 1518 1659 1584 eam
1675 1509 1835 1573 aetatem

183 1616 190 1645 f
326 1600 532 1693 obierunt,
558 1604 776 1693 memoria,
805 1624 927 1699 usque
947 1598 1000 1673 ad
1018 1622 1163 1672 annum
1190 1596 1299 1688 1362.
1318 1594 1580 1698 prosequitur.
1631 1598 1842 1699 Itaquene‘

230 1710 236 1723 “
323 1702 573 1801 Lectoribus
586 1702 748 1779 eruditis
759 1703 947 1779 eamdem
965 1724 1051 1775 rem
1070 1702 1251 1802 repetitis
1261 1698 1418 1776 'vicibus
1437 1698 1721 1790 obtruderem,
1749 1726 1833 1777 em·

326 1802 380 1884 bo
392 1802 597 1882 Chronica·
612 1808 669 1881 ita
679 1804 960 1907 coniungenda
976 1816 1115 1893 erant,
1144 1816 1186 1877 ut
1203 1802 1470 1901 Anonymum
1486 1803 1687 1904 integrum
1703 1801 1835 1901 serva·

237 1967 240 1977 .
302 1994 306 2003 Ι
324 1932 434 1997 rem,
462 1923 502 1985 et
520 1934 572 1983 ex
588 1906 783 1987 Zvetlenfi
804 1932 855 1983 ea
872 1906 999 1985 solum
1017 1907 1254 1997 retinerem,
1281 1921 1371 2004 quae
1388 1915 1596 2007 tamquam
1623 1905 1835 1987 anterioris

323 2008 602 2113 supplementa
620 2032 673 2089 ex
691 2008 759 2090 suo
779 2010 943 2117 iugenio
963 2004 1143 2111 protulit.
1205 2087 1207 2090 ,
1633 1998 1642 2018 “

139 2138 141 2148 r
204 2122 215 2167 ἱ
1589 2149 1608 2167 ·,

336 2280 343 2287 .
401 2218 477 2297 νΠ.
506 2218 711 2323 Superest,
738 2232 780 2295 ut
796 2219 941 2295 merita
957 2222 1163 2319 utriusque
1172 2210 1481 2320 Chr'onogrephi
1491 2215 1542 2295 de
1552 2212 1759 2299 Austriaca
1773 2215 1836 2293 hi·

322 2322 443 2401 toria
460 2324 599 2423 paucis
611 2322 901 2497 expendamus.
927 2322 991 2399 Ac
1010 2322 1118 2420 quod
1129 2322 1181 2397 ad
1200 2320 1645 2421 Anonymumspectat,
1672 2318 1835 2405 diffiteri

322 2448 580 2523 nequaquam
598 2449 653 2525 po
684 2449 773 2515 um,
800 2443 893 2499 eum
909 2425 952 2497 in
961 2424 1097 2525 priore
1118 2421 1489 2497 annaliumsuorum
1498 2434 1613 2521 parte
1632 2420 1836 2511 celebrem

322 2523 603 2621 Hermannum
623 2523 883 2601 Contractum
909 2527 1070 2627 egregie
1088 2523 1301 2625 expilasse,
1328 2547 1377 2600 ac
1404 2524 1505 2599 illud
1559 2547 1690 2622 uoque
1718 2520 1837 2599 Clau·
1944 2516 1948 2526 ’

320 2622 675 2729 stroneoburgense
711 2624 942 2714 Chronico,
1008 2626 1086 2701 uod
1113 2627 1153 2699 in
1183 2627 1223 2699 S.
1250 2624 1302 2699 R.
1329 2625 1391 2710 A.=
1410 2549 1559 2703 Vols,
1575 2648 1742 2699 numero
1758 2618 1835 2713 ,πᾶσι

321 2721 555 2818 edideram,
582 2753 662 2802 non
682 2750 804 2827 parce
814 2731 855 2809 in
876 2652 1066 2814 ususluos
1077 2724 1281 2801 derivasse.
1309 2723 1402 2801 Hoc
1418 2748 1516 2802 vero
1534 2725 1714 2827 plagium
1732 2748 1847 2826 pene·
1945 2750 1950 2757 ’

322 2828 550 2919 omnibus,
568 2830 634 2927 qui
652 2827 720 2903 sub
739 2830 839 2905 illud
857 2828 1042 2906 saeculum
1068 2826 1251 2903 Annales
1280 2827 1625 2918 consarcinarunt,
1654 2824 1837 2904 Chrono-
1939 2840 1944 2849 '

320 2928 816 3111 graphiscommunesuit‚
845 2934 900 3005 uti
919 2931 1112 3005 aliasiam
1123 2928 1357 3020 observavi,
1384 2927 1536 3005 &sorte
1547 2928 1600 3004 ob
1620 2952 1712 3005 eam
1730 2929 1859 3007 caus·
1896 2985 1899 2992 »

207 3107 211 3115 x
341 3059 407 3108 am
428 3037 549 3110 venia
567 3036 696 3136 magis
716 3034 901 3135 dignum,
930 3035 1037 3133 quod
1051 3035 1261 3136 'egregium
1282 3033 1428 3109 ducem
1445 3031 1689 3122 describere,
1716 3059 1840 3132 quam

225 3233 226 3236 Ἴ
323 3136 498 3213 obscuris
527 3138 607 3210 illis
628 3136 914 3236 temporibus,
952 3133 1094 3233 quibus
1121 3159 1185 3208 ars
1214 3137 1353 3209 critica
1369 3137 1441 3209 vix
1459 3134 1529 3209 ulli
1557 3135 1744 3234 cuiquam
1771 3159 1838 3211 co·
1889 3197 1892 3206 .

322 3240 434 3341 gnita
449 3237 600 3328 suerat,
627 3235 786 3311 fabulas
805 3235 1023 3311 consectari
1041 3237 1238 3308 maluerit.
1265 3235 1322 3309 At
1340 3260 1431 3311 cum
1440 3237 1494 3309 ad
1512 3238 1724 3336 propiores
1744 3252 1839 3314 aeta·
1939 3319 1944 3326 ,

325 3342 356 3414 ti
375 3340 451 3414 suae
470 3363 618 3428 annos,
646 3362 793 3439 nempe
812 3338 865 3411 ad
885 3334 1068 3410 saeculum
1086 3335 1198 3410 Xlll.
1235 3336 1418 3438 Scriptor
1435 3336 1564 3412 noster
1573 3341 1840 3442 progreditur,

327 3443 528 3544 magnain
545 3441 618 3516 illo
629 3465 760 3514 rerum
773 3441 895 3514 etiam
904 3437 1147 3540 penitiorum
1159 3439 1358 3539 cognitio,
1377 3462 1471 3513 acre
1490 3441 1704 3532 iudicium,
1724 3466 1837 3544 egre·

238 3555 241 3564 '
280 3547 285 3558 '
323 3542 653 3646 gius'delectus'‚
691 3542 883 3644 fingulare
919 3541 1100 3616 veritatis
1128 3538 1315 3630 liudium,
1354 3541 1493 3641 ampla
1516 3544 1558 3615 in
1585 3543 1840 3618 recensendis

296 3715 299 3721 .
328 3641 766 3723 eventibusverborum
777 3643 936 3719 ubertas
957 3641 1099 3717 elucet.
1128 3639 1248 3716 Certe
1260 3643 1498 3740 ea„quaede
1510 3642 1838 3724 FridericiBelli-

213 3739 215 3746 ’
328 3748 404 3823 cosi
434 3746 753 3866 Babenbergici,
780 3744 822 3821 ἃ
841 3743 1024 3842 Ottocari
1040 3741 1216 3820 Bohemi
1232 3744 1484 3846 temporibus
1502 3749 1839 3848 magnacuraad·

326 3853 513 3940 notavit,
549 3873 752 3950 praecipue
773 3847 1048 3924 commendari
1065 3860 1289 3938 merentur,
1317 3870 1392 3923 nec
1409 3871 1543 3948 pauca
1563 3849 1613 3923 de
1632 3848 1696 3923 his
1723 3848 1836 3924 Prin·

329 3952 485 4055 cipibus
495 3953 697 4027 anecdota
714 3950 866 4043 adfert,
893 3976 980 4050 quae
998 3952 1039 4023 in
1059 3950 1149 4024 aliis
1160 3946 1371 4024 Chronicis
1389 3952 1556 4026 minime
1574 3952 1838 4053 reperiuntur.

248 4122 254 4134 .
285 4095 287 4107 ·
330 4053 580 4154 Quodvero
609 4055 660 4130 de
686 4055 844 4144 multis,
871 4077 961 4152 quae
992 4051 1031 4128 se
1057 4051 1316 4128 viventesub
1345 4051 1637 4158 Habsburgicis
1655 4053 1839 4129 Ducibus
1972 4104 1973 4107 =

258 4149 263 4157 ’
329 4159 605 4260 contigerunt,
633 4179 681 4231 ac
699 4157 936 4238 nominatim
956 4155 1006 4229 de
1028 4153 1220 4230 diuturnis
1238 4153 1307 4230 sub
1325 4153 1499 4231 Alberto
1517 4155 1549 4232 1.
1576 4155 1765 4258 Principe
1794 4160 1840 4232 in

330 4259 488 4335 Aueria
505 4257 737 4334 tumultibus
757 4259 916 4360 parcius
943 4258 1128 4356 loquutus
1154 4255 1295 4347 fuerit,
1323 4253 1365 4330 ἃ
1402 4258 1566 4358 seraque
1586 4259 1869 4361 srlentiopre·'

326 4363 477 4440 menda
502 4361 805 4452 existimaverit,
833 4361 978 4434 mirum
994 4359 1125 4436 videri
1143 4361 1295 4433 nemini
1314 4283 1456 4451 debet,
1485 4363 1552 4460 qui
1571 4363 1834 4464 expenderit,

331 4488 501 4565 operans
519 4467 685 4539 minime
695 4476 825 4538 tutam
839 4461 1357 4564 acpericuliplenillimam'
1371 4462 1469 4552 else,
1497 4465 1620 4538 cruda
1646 4465 1778 4540 adhuc
1798 4463 1840 4538 dr

333 4590 422 4664 quae
439 4567 511 4642 vix
519 4561 677 4668 penitus
696 4566 925 4655 coiverunt,
943 4561 1178 4666 reipublicae
1188 4563 1356 4640 vulnera
1364 4578 1569 4667 retegere,
1597 4563 1839 4643 &acerbam

208 4737 213 4745 ,
329 4665 497 4742 illorum
515 4671 753 4744 memoriam
764 4666 973 4744 refricare:
993 4666 1100 4766 quod
1110 4665 1299 4767 infignem
1309 4667 1566 4767 prudentiam
1584 4670 1625 4744 in
1643 4670 1722 4745 hoc
1733 4671 1838 4744 Viro

328 4767 440 4848 suisse
460 4770 709 4895 demonsiret.
737 4769 871 4871 Atque
881 4795 933 4848 ex
951 4768 1288 4948 higqitlligsturr
1313 4788 1394 4844 non
1412 4770 1578 4879 uulgare
1597 4772 1672 4848 eise
1690 4772 1837 4951 lqppum

1105 4898 1125 4946 2
1771 4921 1787 4936 .
