4717 6050
540 376 730 451 ,πμ
1040 332 1585 435 ’ῙΛΝΟΝΥΜΙ

599 558 849 685 integrum
881 571 932 651 et
955 571 1167 653 noctem.
1197 622 1205 633 ·
1256 558 1561 654 redicatores
1591 560 1746 657 crucis
1779 561 2029 659 missisunt
2063 566 2119 658 in

601 678 883 769 vniuersum
899 673 1154 799 mundum.
1214 590 1443 773 Xndrcas
1454 705 1541 771 rex
1553 676 1633 771 Vn
1667 679 1767 773 arie
1781 683 1935 775 crucis
1950 684 2123 803 (cruce)

603 794 816 1011 signatur
848 824 959 888 cum
981 792 1150 889 multis
1174 794 1299 911 alijs,
1359 795 1623 894 Heinricns
1704 828 1769 889 nx
1799 797 1861 891 de
1884 796 2123 893 Mediico.

606 942 638 1009 o
677 914 744 1027 ijt.
806 912 909 1007 Nix
938 912 1067 1005 nixit
1101 912 1154 1004 in
1187 910 1350 1007 Stiria.
1381 942 1478 1038 que
1503 913 1640 1007 versa
1666 913 1731 1009 esi
1754 916 1806 1009 in
1828 915 2123 1040 sanguinem.

604 1030 720 1129 Rex
742 1027 912 1123 tharsis
934 1044 1116 1123 terram
1147 1060 1244 1154 que
1277 1027 1456 1125 dicitur
1484 1030 1725 1129 Valewin.
1757 1034 1955 1156 penitus
1974 1032 2123 1128 deua-

604 1149 758 1245 stauit.
791 1161 842 1239 et
875 1144 1180 1243 habitatores
1212 1151 1472 1241 interemit.
1513 1178 1605 1241 nec
1636 1180 1740 1244 non
1771 1164 1822 1242 et
1845 1147 2027 1245 multos
2059 1148 2125 1241 de
2266 1178 2270 1183 ’

605 1263 855 1361 Ruthenis
893 1261 1164 1359 interfecit.
1189 1265 1435 1359 auxilium
1453 1265 1750 1359 volentibus
1782 1266 1880 1363 iliis
1898 1264 2129 1477 prestare.
2164 1358 2168 1365 ,

606 1380 941 1511 Engelbertus
972 1380 1371 1507 archiepiscopus
1404 1376 1691 1477 colonens1s.
1710 1457 1713 1462 >
1732 1414 1762 1475 a
1795 1412 1894 1509 quo
1932 1414 2010 1477 am
2044 1413 2129 1477 co·

606 1505 727 1597 mite
743 1498 1055 1625 cognatosuo
1069 1498 1360 1593 interfectus
1375 1498 1453 1593 esi.
1512 1497 1624 1595 Rex
1643 1524 1956 1595 romanorum
1974 1500 2129 1595 Hein-

607 1622 738 1713 ricus
761 1616 962 1727 quenis
986 1614 1114 1709 filius
1137 1614 1682 1739 Fridricj;imperatoris
1711 1616 1858 1711 filiam
1883 1618 2020 1712 ducis
2043 1647 2125 1711 au·

607 1736 715 1831 sirie
741 1749 791 1829 et
817 1732 964 1828 Stirie
987 1732 1251 1831 Heinricus
1275 1735 1478 1826 nominc
1498 1733 1714 1830 sororem
1726 1734 2006 1859 Lantgrauij
2020 1734 2128 1827 Dn-

609 1854 767 1979 ringie
789 1851 932 1947 duxit
954 1852 1005 1943 in
1030 1877 1250 1945 vxorem.
1272 1848 1654 1975 fiiioMargrauij
1680 1848 1742 1949 de
1762 1852 1997 1979 Meyssen.
2028 1848 2129 1943 filia

609 1972 709 2065 iam
730 1967 1035 2075 dictiDucis
1060 1964 1125 2061 est
1145 1965 1469 2093 Desponsata.
1514 1969 1615 2087 (Ita
1636 1974 1835 2093 mendose
1863 1971 2039 2081 Codex,
2064 1975 2128 2062 in·

612 2092 744 2185 dubie
766 2092 891 2209 culpe
914 2088 1123 2207 librarii).
1260 2184 1266 2194 ,
1589 2191 1594 2201 .

730 2204 818 2299 M⁰.
832 2206 1053 2321 ccxxiiij.
1095 2203 1587 2332 MagnaPestilencia
1608 2223 1660 2303 et
1679 2204 2129 2302 anteinauditaua·

610 2322 751 2421 stanit
798 2353 892 2439 ene
904 2320 1183 2417 uniuersum
1194 2322 1446 2418 mundum.
1488 2322 2128 2450 AndreasPragensrsobijt.

790 2443 1015 2538 ⁰.cc.xxv.
1046 2439 1198 2535 Multi
1222 2471 1366 2536 cruce
1398 2441 1427 2534 si
1461 2445 1568 2537 nati
1597 2443 1706 2537 sunt
1737 2471 1828 2565 per
1852 2438 2127 2535 industriam

613 2558 877 2658 cardinalis
898 2555 1174 2699 portuensis
1205 2560 1291 2696 qui
1312 2470 1568 2655 diceiatur
1594 2556 1885 2656 Chunradus
1909 2556 1972 2651 de
2004 2555 2129 2654 ordi·

610 2704 675 2771 ne
710 2708 737 2769 c
775 2672 1023 2773 [ternensi.
1065 2674 1132 2770 Et
1162 2674 1410 2771 cumsdam
1445 2675 1509 2771 de
1537 2676 1712 2772 ordine
1742 2673 2128 2801 predicatorum,

616 2793 701 2932 qui
759 2794 981 2891 icebatur
1003 2791 1264 2892 Iohannes.
1321 2792 1584 2891 Heinricus
1609 2825 1698 2891 rex
1724 2822 2052 2889 romanorum.
2081 2789 2130 2885 fi·

611 2910 708 3003 hus
733 2909 942 3006 Fridrici
965 2910 1285 3052 Imperatoris
1317 2908 1459 3007 duxit
1494 2914 1547 3007 in
1568 2940 1771 3007 virorem
1804 2908 1953 3005 filiam
1962 2910 2131 3034 Ducis

468 3064 476 3079 ¹
611 3027 815 3124 Austrie.
876 3029 1139 3125 Heinncus
1165 3029 1293 3124 silius
1316 3026 1456 3126 ducis
1479 3029 1663 3127 austrie.
1683 3030 1844 3126 Duxit
1862 3032 1915 3125 in
1929 3056 2133 3121 vxorem

387 3147 400 3178 ⁸
549 3247 554 3256 ,
607 3147 831 3264 sororem
855 3145 1141 3286 Lantgrauij
1168 3146 1457 3271 Duringie..
1488 3147 1642 3244 Multi
1671 3148 1863 3274 inipsa
1891 3143 2134 3241 sollemni·

615 3276 719 3358 tate
754 3294 841 3390 pre
877 3264 1194 3363 mulntudine
1228 3295 1260 3360 o
1297 3263 1439 3389 pressi
1468 3268 1736 3392 perierunt.
1766 3279 1886 3390 aput
1910 3262 2131 3364 Nuerene

614 3377 782 3478 berch.
810 3383 1175 3596 ·i}inge1{bertr1s
1199 3293 1451 3480 Coionesss
1484 3385 1504 3507 (
1514 3385 1789 3507 Colonetffn)
1816 3379 2131 3506 archiepisco

610 3526 711 3596 -us
735 3532 824 3596 occ
863 3532 970 3596 use
1010 3576 1021 3597 .

588 3527 649 3636 ‘p
735 3618 1052 3737 M⁰.ec.xxvj⁰.
1084 3619 1350 3719 Heinricus
1374 3616 1502 3714 filius
1525 3619 1684 3715 Ducis
1711 3615 1893 3714 austrie.
1920 3645 1999 3712 xre
2020 3643 2130 3711 con·

616 3735 719 3834 silio
751 3751 803 3831 et
825 3737 1011 3834 anxilio
1035 3737 1362 3861 quorumdam
1384 3739 1666 3863 iniquorum
1688 3735 1916 3864 opposuit
1929 3734 1988 3832 se
2009 3731 2134 3862 paui

616 3857 716 3951 suo.
761 3869 909 3981 atque
946 3853 1161 3950 Castrum
1191 3853 1479 3964 Hainburch
1549 3855 1879 3980 reoccupauit.
1910 3865 2134 3947 matrem·

617 4003 715 4097 que
744 3972 875 4068 suam
908 3971 1025 4066 inde
1050 3971 1162 4070 satis
1186 3972 1539 4070 contumelioe
1567 3973 1765 4068 eiciens.
1796 3970 1933 4096 quod
1968 3985 2132 4064 tamen

621 4105 765 4216 pater
790 4087 990 4185 castrum
1013 4091 1064 4187 in
1080 4091 1219 4186 breui
1241 4121 1355 4189 rece
1392 4092 1443 4185 it.
1504 4088 1708 4186 Deinde
1731 4087 1864 4186 idem
1887 4087 2015 4186 filius
2034 4088 2133 4183 vite

616 4209 773 4328 patris
806 4207 876 4302 sui
905 4205 1211 4305 multimodis
1241 4208 1325 4305 insi
1362 4223 1490 4306 ratus
1526 4207 1604 4303 esi.
1647 4204 1730 4302 sed
1759 4222 1927 4302 tamen
1946 4205 2070 4300 Deo
2093 4199 2135 4295 se

618 4338 916 4460 protegente
952 4324 1101 4422 euasit
1132 4357 1306 4424 manus
1345 4328 1464 4423 eius.
1536 4324 1781 4421 Fridricus
1822 4347 2136 4418 romanorum

521 4501 529 4516 -
623 4456 906 4567 rmperator.
930 4443 1136 4570 prelatis
1157 4445 1356 4542 ecclesie
1378 4458 1429 4538 et
1449 4443 1756 4572 principibus
1777 4443 1916 4568 regni
1937 4470 2033 4567 pro
2056 4468 2134 4536 ne·

460 4599 462 4604 ¹
552 4624 557 4634 -
624 4561 770 4683 gocio
791 4561 955 4656 sancte
979 4565 1136 4659 erucis
1152 4567 1336 4661 curiam
1358 4560 1787 4702 aputCremonam
1813 4560 1979 4657 edixit..
2007 4556 2135 4652 Lon·

620 4673 831 4805 gobardi
862 4707 981 4776 vero
1003 4684 1237 4780 timentes
1257 4679 1449 4779 infimas
1470 4679 1781 4805 rmperatoris
1802 4679 1933 4781 viam
1954 4675 2136 4892 'viie‘iue

673 4869 676 4880 .
1953 4823 2006 4892 m
