4717 6050
895 427 1237 514 susanna..
1448 459 1454 466 ·
1716 401 1770 523 a
1932 469 1935 474 -

210 658 216 670 ’
301 637 422 735 bam
450 631 682 732 dominus
713 631 937 731 Ditricus
967 633 1030 730 de
1057 632 1388 731 Mitterbureh
1418 629 1704 760 occupabat
1764 635 1832 730 In.

204 823 209 828 -
304 753 601 881 honichsper
634 753 781 849 .xxii.
800 749 935 847 hvbe
956 752 1172 847 saluunt..
1188 750 1500 847 viiitalenta.
1560 752 1618 844 In
1636 751 1832 847 Schoe-

229 977 235 988 ,
301 902 371 968 no
393 869 561 967 forum
587 783 745 966 illuit,
771 870 889 964 xiiii.
911 867 1095 964 solidos
1128 900 1239 963 cum
1263 867 1371 963 aliis
1392 865 1668 966 redditibus
1692 867 1833 996 adia·

304 987 544 1085 centibus.
604 988 663 1082 In
693 987 1022 1113 vorzenpach.
1053 986 1118 1081 iii.
1142 985 1275 1082 hvbe
1291 983 1520 1079 *loluunt
1553 1017 1600 1079 v.
1626 984 1822 1092 solidos

301 1105 464 1234 Super
485 1101 688 1201 Nerdea
704 1103 844 1199 liten.
863 1103 995 1198 hvba
1054 1104 1294 1199 ileatorist.
1308 1103 1340 1196 ι.
1359 1100 1582 1198 modium
1599 1101 1815 1198 frumen·

304 1224 358 1317 ti.
387 1224 435 1317 ii.
456 1223 655 1318 modios
677 1250 857 1318 auene.a
888 1219 918 1314 i.
940 1218 1004 1314 Se
1044 1235 1141 1316 oet.
1175 1243 1419 1332 'xxmoua
1452 1233 1518 1314 et
1538 1218 1834 1314 iiiieaseos

303 1338 513 1435 Villieus
538 1342 591 1434 in
608 1337 885 1434 Azeboren
907 1335 1128 1466 lagenari
1159 1333 1323 1433 debet
1356 1349 1408 1429 et
1429 1338 1648 1548 quinssue
1669 1335 1826 1431 soluit

78 1509 82 1532 ·
118 1545 125 1558 ,
303 1457 403 1552 xvi.
417 1454 666 1556 ehastmvt.
694 1469 756 1550 et.
780 1487 844 1550 nr
855 1483 1050 1593 ‘porcos
1071 1454 1307 1550 valentes«
1322 1455 1375 1547 in
1397 1483 1553 1548 vronc
1571 1466 1574 1473 ’
1591 1449 1671 1547 ost.
1694 1485 1738 1547 v.
1752 1455 1826 1548 lo·

305 1570 451 1669 lidos.
474 1576 540 1674 vi».
563 1575 769 1680 anseres.
799 1603 881 1666 xn.
915 1571 1096 1698 pullos.
1126 1573 1158 1667 i.
1182 1569 1403 1666 modium
1423 1568 1552 1666 fabe.
1579 1583 1630 1665 et
1653 1567 1719 1664 ert
1741 1567 1826 1665 de·

304 1689 525 1784 rolatum.
563 1771 566 1776 .
586 1690 641 1787 In
655 1688 1015 1815 honichlpereh
1035 1688 1231 1786 villicus
1251 1687 1404 1782 debet
1427 1687 1645 1814 saginari.
1670 1701 1722 1781 et
1732 1685 1830 1782 ser·

304 1807 401 1900 uit..
414 1808 488 1900 ιιι..
501 1837 708 1934 porcos.
742 1804 843 1903 duo
878 1807 1020 1947 porei
1051 1806 1242 1902 valent.
1264 1805 1339 1922 lx„
1356 1801 1610 1900 denarios
1645 1819 1697 1898 et
1730 1819 1829 1899 ter·

306 1923 428 2018 eius.
445 1955 532 2018 xx..
549 1924 800 2020 denarios.
825 1923 933 2020 viris
947 1937 1181 2019 metretas
1202 1922 1343 2020 fabe..
1375 1922 1468 2016 iiii
1485 1936 1719 2018 metretas
1740 1952 1830 2047 pa·

369 2043 523 2136 ueris,
548 2042 656 2136 viii.
674 2040 840 2137 caseos
866 2055 918 2136 et
943 2036 1198 2136 dimidium
1216 2039 1460 2135 talentum
1486 2069 1718 2135 ouorum..
1768 2040 1829 2133 In

289 2173 293 2182 '
318 2157 500 2254 ·chowe
523 2159 659 2257 hvba
682 2157 973 2254 Alberonis..
989 2156 1303 2254 ›sl-denarios
1324 2155 1645 2251 et..i.·Sehoet.
1675 2158 1852 2271 i..me·,

303 2285 483 2368 tretam
513 2273 650 2369 fabe.
684 2279 723 2366 i..
746 2289 1007 2366 metretam
1041 2274 1323 2396 papaueris..
1352 2283 1417 2364 et.
1447 2272 1477 2364 i.
1539 2272 1708 2365 ullum.
1768 2273 1838 2365 In

301 2390 492 2483 Widen
524 2403 576 2480 et
596 2389 837 2514 Traegvm
863 2386 1152 2480 xvunhvbe
1174 2386 1481 2482 foluunt.'xi.
1497 2303 1682 2482 lblidos
1713 2416 1826 2512 pre·

34 2576 37 2588 .
118 2527 123 2536 ¹
193 2577 195 2582 .
304 2517 414 2596 ten..
426 2504 533 2596 viii..
547 2501 800 2600 denarios.
831 2509 882 2594 et
912 2515 1012 2593 tres
1035 2532 1217 2626 porcos
1253 2501 1463 2624 quilibet
1492 2502 1688 2598 valens„
1709 2519 1849 2598 xxm

304 2615 557 2712 denarios..
579 2618 671 2710 xii„
686 2615 919 2740 scapulas.
958 2618 1048 2708 xii.
1062 2614 1262 2710 Schoet.
1304 2614 1372 2710 L.
1419 2619 1572 2714 ullos.
1607 2621 1689 2714 xii
1714 2617 1825 2714 soli·

303 2730 397 2829 dos
421 2763 644 2827 ouorum.
670 2745 731 2826 et.
753 2729 1113 2830 xlviiimaseos
1136 2730 1360 2828 medium
1490 2737 1616 2849 enti
1635 2751 1688 2830 et
1709 2765 1823 2831 aue-

200 2889 206 2896 ·
302 2877 367 2942 ne
398 2849 660 2988 equaliter*
693 2849 785 2946 xii
809 2861 1045 2943 metretas
1077 2850 1361 2977 papaueris.
1398 2865 1462 2946 et.
1484 2853 1573 2947 xii.
1590 2867 1838 2950 metretas
1889 2947 1892 2950 ,
1977 2891 1981 2900 ’

305 2963 444 3062 fabe..
466 2997 542 3061 nn,
555 2995 744 3093 agnos...
788 2963 931 3060 Circa
953 2964 1137 3062 Straeze
1164 2982 1216 3063 et
1242 2964 1554 3069 Schtlnowe..
1569 2985 1620 3065 et
1641 2969 1833 3065 Elhen-

272 3168 276 3175 .
303 3085 469 3211 perch.
501 3082 719 3179 desolate
750 3080 1011 3179 beneficia..
1026 3116 1104 3180 xx.
1127 3084 1281 3186 hvbe.
1336 3084 1599 3185 officialis..
1615 3085 1678 3183 de
1703 3088 1833 3185 offi-
1976 3099 1979 3106 ’

305 3202 407 3295 eiu..
428 3204 491 3297 vi.-
512 3201 723 3297 talenta

632 3388 637 3393 -
731 3320 1225 3441 Sequunturduofolsb
1248 3356 1404 3419 baem

421 3433 505 3531 Ha
526 3431 635 3526 lunt
655 3428 878 3527 redditus
903 3460 1102 3527 annone
1126 3436 1179 3527 in
1199 3436 1561 3538 Riedmarchia

420 3550 628 3647 Villicus
671 3551 723 3645 in
767 3544 1022 3643 Stondoff.
1062 3551 1171 3647 viii.
1202 3552 1413 3653 Modius
1449 3554 1680 3686 Siliginis.
1722 3558 1831 3655 vel.
1925 3578 1931 3589 '

303 3667 383 3771 vii.
414 3696 586 3761 auene.
627 3665 842 3761 Porcum
874 3664 971 3760 vel.
992 3666 1057 3761 lx.
1082 3667 1328 3767 denarios.
1366 3672 1638 3770 Metretam
1669 3706 1735 3801 pa
1773 3706 1831 3768 a·
1965 3703 1975 3711 ·

303 3787 447 3881 ueris
488 3786 532 3883 ii.
558 3782 802 3878 Metretas
836 3780 1111 3909 leguminis.
1155 3786 1423 3888 ealeosssvi
1463 3820 1573 3885 oua.
1595 3792 1681 3895 lx„
1704 3708 1830 3887 Ppul-

301 3900 395 3999 Ios.
416 3903 500 3997 iiii.
526 3901 780 3997 'Anserem
802 3930 968 4000 vnum.
1003 3966 1006 3973 .

219 4134 221 4137 Ι
419 4022 544 4115 Item
565 4016 760 4115 villicus
777 4020 834 4111 in
860 4015 1136 4115 Pollenzela
1156 4022 1241 4116 iiii
1262 4022 1469 4120 Modios
1494 4023 1741 4152 Siliginis,
1767 4038 1821 4119 et

304 4167 476 4232 auene.
518 4137 732 4233 Porcum
767 4130 846 4231 adt
876 4164 988 4229 mix.
1023 4134 1279 4235 denarios..
1309 4143 1579 4237 Metretam
1604 4172 1826 4270 papaue-⁴
1920 4182 1923 4187 ·

304 4257 388 4353 ris
415 4256 480 4379 ii.
503 4252 747 4350 Metretas
780 4250 1082 4393 Leguminis.
1126 4256 1320 4355 Caseus.
1340 4260 1402 4355 vi.
1445 4288 1554 4353 oua.
1577 4259 1642 4355 lx.
1683 4258 1826 4355 falci-1

306 4370 468 4464 culum
492 4369 597 4465 lini.
637 4368 826 4465 Pullos.
839 4371 953 4464 inim·
993 4369 1089 4467 Sca
1125 4372 1234 4468 ulai
1247 4374 1378 4471 dual.
1410 4376 1628 4470 anserem
1650 4408 1817 4471 vnum.

424 4487 548 4583 Item
578 4484 642 4582 de
674 4486 831 4582 tribul
845 4485 990 4583 hubis
1016 4490 1068 4583 in
1143 4491 1204 4586 al.
1237 4494 1317 4587 vii.
1341 4491 1547 4587 Modios
1570 4486 1816 4589 frumenti

285 4632 476 4825 auen?
493 4637 563 4817 ᾗ,
583 4601 811 4701 Modius..
843 4604 1050 4702 Poreos.
1067 4606 1159 4819 iiii?
1181 4608 1391 4744 quilibet
1421 4606 1631 4707 ad.xxx.
1666 4610 1824 4749 siena·

406 4758 460 4819 o.
546 4794 560 4819 .
1637 4758 1764 4826 nos.
