4717 6050
617 507 699 613 '452
935 471 1010 555 vr.
1092 450 1744 595 scunrr'ovntr

570 699 627 779 et
660 680 922 777 viuacitate
953 677 1295 774 sollicitudinis
1334 708 1392 772 ac
1426 676 1641 774 custodia
1670 681 1996 805 integerrima
2027 676 2084 779 ll·

436 822 439 827 ’
575 801 659 897 dei
690 828 955 924 congruas,
985 812 1229 922 quatenus
1259 812 1314 889 tu
1344 798 1443 936 iple
1477 827 1506 889 a
1534 811 1907 894 remuneratore
1931 805 2086 897 omni·

570 948 655 1013 um
685 916 931 1010 bonorum
962 915 1087 1028 deo,
1118 928 1169 1009 et
1199 912 1561 1009 benedictionis
1591 916 1797 1040 gratiam
1835 919 2085 1043 vitamque

572 1050 808 1131 aeternam
840 1032 1073 1156 consequi
1103 1034 1364 1147 mercaris,
1417 1033 1581 1127 Amen
1615 1035 1796 1128 Actum
1825 1032 2002 1129 CCCC.
2012 1068 2084 1130 xc.

445 1216 449 1227 ,
691 1147 1027 1245 Eckerilridus
1058 1150 1111 1242 in
1140 1148 1481 1245 Patauienlem
1513 1151 1796 1277 episcopum
1828 1150 2086 1277 praelicitur

574 1300 709 1367 anno
752 1267 962 1362 Domini
1001 1262 1276 1362 DXCVIII.
1366 1268 1523 1363 Huius
1567 1282 1668 1361 tem
1706 1267 1872 1363 oribus
1911 1270 2084 1363 beatus

574 1389 826 1524 Rupertus
857 1384 1232 1479 Wormacienfis
1273 1384 1529 1510 episcopus
1558 1298 1878 1513 praeiicando
1906 1389 1960 1480 in
1999 1386 2087 1482 Ba-

576 1534 763 1601 uarram
795 1517 847 1597 et
876 1500 1114 1597 Austriam
1148 1503 1312 1616 venit,
1343 1504 1554 1628 primum
1575 1506 1629 1597 in
1651 1502 1793 1599 Ratis
1833 1533 2006 1618 onam,
2035 1505 2086 1597 in

613 1656 676 1719 ua
714 1622 918 1715 verbum
959 1620 1062 1715 Dei
1134 1620 1366 1715 entilibus
1404 1619 1714 1745 praedicauit,
1842 1617 2088 1719 eodonem

573 1656 755 1843 lucem
787 1768 897 1833 cum
927 1752 1075 1864 gente
1101 1648 1188 1832 lua
1219 1735 1512 1862 baptizauit‚
1564 1738 1668 1858 Qui
1705 1768 1802 1833 vna
1834 1768 1945 1833 cum
1975 1768 2087 1832 con·

577 1864 714 1955 sensu
726 1858 1003 2067 princigum
1016 1856 1318 1950 Francorum
1331 1855 1440 1981 (qui
1458 1871 1575 1950 tunc
1584 1857 1863 1994 potentiam
1886 1856 2016 1949 suam
2034 1857 2087 1948 in

576 1978 859 2077 ‘Germanos
916 1973 1087 2067 ilatare
1111 2003 1203 2067 coe
1241 1972 1769 2098 erunt)luuau1aequae
1784 2002 1916 2067 nunc
1940 1972 2091 2066 Saltz·

579 2097 735 2221 burga
778 2090 956 2187 dicitur
988 2089 1151 2185 sedem
1207 2103 1411 2185 ecerunt
1449 2120 1479 2183 a
1509 2122 1607 2216 qua
1636 2121 1792 2216 vsque
1823 2087 1887 2184 ad
1915 2086 2091 2184 Austri·

574 2247 659 2311 am
687 2212 825 2309 venit
855 2223 907 2303 et
936 2207 1107 2304 Christi
1136 2205 1284 2302 fidem
1313 2205 1565 2323 dilatauit,
1594 2209 1833 2305 Laureaci
1860 2203 2091 2333 praedica·

580 2335 681 2445 uit,
712 2328 951 2454 plurimos
987 2325 1281 2451 baptizauit‚
1310 2355 1472 2450 usque,
1500 2325 1565 2422 ad
1585 2326 1872 2439 inferiorem
1898 2322 2089 2419 Panno·

581 2452 715 2545 niam
754 2442 1030 2558 descendit,
1087 2440 1333 2537 Reuersus
1373 2474 1573 2655 ‹buoque
1613 2444 1752 2537 venit
1790 2443 2093 2538 Laureacum

580 2568 651 2665 ibi
683 2568 859 2659 iterum
903 2562 1042 2657 Euan
1081 2561 1229 2654 elium
1272 2559 1389 2653 Chri
1427 2564 1438 2583 ‘
1480 2559 1794 2686 praedicauit,
1852 2557 2094 2659 Reuersus

582 2678 764 2809 deinde
794 2678 1018 2773 ad'l'uam
1046 2590 1214 2773 ledam
1249 2678 1498 2773 eccleliam
1526 2679 1802 2772 inhonore
1832 2675 1984 2770 lancti
2003 2672 2096 2810 Pe·

582 2804 646 2897 tri
674 2795 928 2937 fundauit,
988 2794 1047 2889 fic
1089 2798 1222 2891 enim
1265 2794 1541 2891 charitatiui
1584 2809 1748 2921 qatres
1778 2796 1831 2889 in
1862 2794 2094 2931 exercitio

583 2910 1833 3169 tttttlttltthtttu&attitulati
1857 2910 2096 3123 cliiii&

583 3184 648 3248 ne
664 3147 789 3243 duce
814 3148 1051 3259 obtmuit·,
1076 3144 1478 3240 reformationem
1493 3149 1626 3272 (quae
1648 3177 1879 3247 unacum
1906 3143 2096 3240 caeteris

585 3265 863 3365 ciuitatibus
877 3263 1142 3386 plurimum
1154 3260 1457 3358 desolationi·
1465 3267 1625 3391 patuit
1634 3277 1734 3358 tem
1772 3263 1938 3358 oribus
1963 3275 2094 3355 retro

585 3387 730 3507 actis)
754 3398 804 3476 et
824 3379 940 3478 xxvi
961 3381 1103 3475 annis
1121 3411 1250 3516 ‘cum
1283 3381 1493 3476 eandem
1516 3295 1821 3508 gubernailet
1851 3377 2099 3476 eccleliam

584 3502 831 3604 foeliciter
855 3495 1159 3592 obdormiurt
1177 3501 1229 3591 in
1255 3495 1443 3594 Chrillo
1464 3501 1615 3594 Anno
1634 3497 1844 3594 Domini
1873 3494 1983 3592 DC.

698 3616 814 3714 Vilo
846 3613 1101 3710 Romanus
1131 3615 1371 3710 Laureaci
1393 3616 1802 3743 Archicpilcopus
1823 3615 1946 3710 ledit
1966 3639 2099 3709 anno

455 3843 466 3858 ,
582 3736 792 3840 Domini
822 3729 1026 3828 DCXV.
1049 3733 1104 3824 in
1142 3733 1297 3828 multa
1329 3763 1427 3860 pau
1465 3735 1592 3848 eric,
1630 3765 1745 3828 nam
1767 3730 2104 3829 tumultuanti·
2137 3748 2141 3752 ’

583 3855 677 3950 bus
710 3851 948 3947 Romanis
978 3852 1031 3944 in
1050 3850 1126 3946 his
1146 3849 1407 3975 superioris
1480 3854 1731 3947 annoniae-
1756 3855 1882 3966 oris,
1922 3865 1974 3947 et
2038 3848 2101 3939 ri·

469 4061 473 4068 .
587 4001 670 4068 mo
701 3967 859 4064 Attila
889 3967 1149 4062 Hunorum
1169 3999 1285 4094 rege
1307 3968 1668 4098 tyrannilante‚
1698 3971 1804 4096 poll
1821 4000 1942 4064 vero
2049 3977 2104 4059 e·‘

589 4085 756 4185 odone
788 4082 913 4180 duce
939 4083 1243 4180 Bauarorum
1285 4087 1510 4212 proprias
1540 4084 1679 4183 ledes
1714 4100 1886 4182 contra
1918 4085 2098 4182 Roma·

586 4237 710 4322 nos,
741 4235 798 4298 ac
834 4199 1020 4296 eisdem
1054 4201 1276 4328 effugatis
1314 4202 1573 4300 obtinente
1604 4220 1657 4297 et
1678 4235 1769 4331 per
1795 4207 1994 4331 triginta
2015 4234 2097 4296 an·

588 4353 684 4418 nos
719 4321 876 4417 ferme
911 4317 1225 4443 praesidente,
1268 4319 1441 4415 Clerus
1518 4322 1755 4416 rouinciae
1795 4323 2102 4418 Laureacen·

588 4439 648 4536 lis
686 4441 740 4535 in
775 4436 931 4533 multa
973 4438 1163 4532 miseria
1198 4453 1455 4533 coactusc
1525 4437 1588 4533 de
1624 4470 1734 4554 ere,
1819 4440 2106 4535 ciuitatibus

590 4587 763 4654 eorum
793 4567 865 4694 et·
886 4550 1079 4652 sedibus
1122 4553 1322 4672 dirutis,
1362 4470 1675 4653 facultatiius
1715 4570 1766 4652 et
1807 4556 2099 4682 pollellioni·
2237 4662 2243 4672 .

420 4733 423 4738 ·
589 4675 684 4772 bus
718 4672 893 4768 ablat1s
964 4688 1253 4769 occentum
1292 4687 1344 4767 et
1386 4676 1550 4786 xxxvi.
1594 4675 1748 4770 ferme
1792 4705 1950 4771 annos
1996 4671 2096 4766 sub·

527 4873 532 4880 .
593 4809 731 4894 actus
769 4787 846 4886 eli„
964 4789 1105 4919 luper
1136 4791 1330 4889 tributis
1361 4789 1702 4891 Barbarorum.
1774 4789 1887 5009 Posi
1932 4789 2101 4886 Theo·

1871 4937 2051 5028 onem,-
