4717 6050
678 386 689 537 ῖ
837 446 1291 527 *AVSTRIAE
1670 443 1865 549 ‚109¹

316 652 498 778 xxiiij⁰¹·
529 650 776 751 denarios.
836 624 921 749 De
946 648 1138 748 talento
1163 651 1308 747 croci.
1338 651 1420 758 xii.
1448 647 1694 749 denarios.
1748 654 1834 753 De

166 814 170 823 =
316 804 442 869 vrna
475 770 565 868 ssif.
596 774 644 868 ii.
674 770 919 869 denarios.
989 768 1074 865 De
1096 769 1305 865 nucibus
1327 767 1391 865 de
1412 800 1515 872 vna
1539 768 1754 869 carrada.
1782 805 1835 870 x.

315 888 560 987 denarios.
620 890 704 994 De
728 881 919 991 d'uabus
940 890 1161 983 metretis
1186 886 1477 985 chremenfis
1498 888 1719 987 mensure
1741 893 1834 985 mi·

273 1036 490 1125 *norum
510 1038 693 1115 nucum
717 1005 954 1104 videlicet
975 1004 1327 1107 avellanarum.¹
1348 1008 1379 1101 i.
1404 1006 1675 1104 denarium.
1742 1006 1829 1103 De
1925 1119 1927 1123 .
2036 1102 2045 1113 ,
2217 1026 2224 1053 ⁴

106 1133 109 1141 ’
311 1126 522 1221 nauibus
566 1125 734 1222 uacuis
777 1154 874 1251 que
913 1120 1196 1219 uenduntur
1227 1124 1280 1217 in
1310 1121 1462 1220 Stein.
1485 1124 1639 1220 nichil
1671 1121 1831 1225 datur:

312 1242 504 1338 Omnes
534 1242 877 1349 indifferenter,
904 1241 968 1336 de
991 1272 1180 1380 ‚magna
1215 1272 1376 1381 cuppa
1407 1241 1517 1337 selis
1552 1240 1756 1337 soluent
1780 1242 1828 1363 ij.

309 1356 555 1457 denarios.
615 1361 701 1455 De
715 1360 906 1456 talento
919 1357 1042 1455 falls.
1055 1359 1119 1453 lx.
1133 1355 1378 1455 denarros.
1444 1358 1569 1455 Item
1583 1357 1682 1453 duo
1696 1358 1828 1454 fran-

305 1507 461 1573 zones
486 1477 620 1574 dent.
651 1479 681 1574 i.
703 1477 958 1575 denarium
983 1476 1367 1573 choloniensem.
1407 1478 1564 1604 pueri·
1581 1505 1704 1573 uero
1742 1506 1826 1573 eo·
1958 1570 1962 1577 .

304 1623 412 1687 rum
456 1598 541 1723 qui
573 1596 682 1691 sunt
711 1594 851 1692 infra.
881 1595 964 1693 xii.
996 1624 1154 1690 annos
1189 1588 1315 1689 nihil
1352 1592 1487 1693 dent.
1558 1593 1643 1692 De
1667 1593 1824 1691 lorica

89 1678 95 1691 ⁵
149 1740 158 1749 ’
305 1740 478 1807 eorum
508 1714 641 1810 dent.
676 1714 738 1811 vi.
764 1713 1011 1811 denarioe
1069 1712 1153 1807 De
1173 1710 1349 1839 gladiis
1373 1742 1546 1809 eorum
1570 1727 1621 1807 et
1643 1708 1706 1806 de
1729 1712 1823 1839 pil·

303 1827 410 1925 leis.
430 1826 617 1928 ferreis.
650 1846 701 1927 et
732 1830 795 1929 de
829 1833 938 1929 aliis
973 1826 1201 1928 omnibus
1238 1832 1397 1927 armis.
1432 1846 1484 1927 et
1516 1828 1726 1928 vestibus
1768 1844 1821 1927 et

302 1946 586 2046 vtenfilibus
616 1951 772 2047 nichil
793 1951 997 2046 .soluent
1036 1946 1120 2044 nit
1153 1948 1384 2053 dvxerint
1407 1948 1616 2046 venelia.
1662 1954 1667 1963 ’

357 2062 454 2161 Hic
483 2065 595 2164 sunt
625 2067 760 2165 bona
796 2084 848 2164 et
876 2065 1103 2165 redditus
1145 2094 1272 2217 ques
1304 2066 1610 2191 comparavit
1639 2063 1762 2159 Dux

410 2297 581 2394 Primo
606 2182 1084 2396 irilltl'ciaiizligrrrigism
1102 2182 1627 2394 ἓξὸἒῖιᾟῗεῗψὲῐνὼ.
1659 2296 1816 2395 soluit.

133 2448 137 2453 ·
293 2444 405 2508 xxx.
432 2413 678 2513 denarios.
708 2419 776 2524 vi.
804 2417 983 2519 caseos.
1022 2416 1088 2512 iii.
1113 2414 1294 2541 pullos.

110 3959 114 3970 ·
279 3929 364 4053 iiij.
423 3933 568 4029 ullos.

278 2653 280 2656 Ι
411 2530 538 2626 Item
554 2531 940 2630 Cholomannus.
961 2526 1024 2627 de
1038 2532 1409 2629 Weizsenbach.
1430 2562 1543 2629 xxx.
1568 2528 1829 2629 denarios.

291 2646 352 2740 vi.
377 2645 569 2742 Caieos.
611 2651 671 2768 iij.
694 2650 876 2775 pullos.
998 2686 1001 2689 ’
1504 2752 1508 2761 ,

406 2760 564 2858 Siber.
589 2795 702 2862 xxx.
727 2762 973 2862 denarios.
1015 2766 1077 2887 iij.
1102 2764 1299 2863 caseos.
1324 2766 1387 2887 iij.
1412 2764 1616 2893 pullos.·

404 2878 532 2975 Item
547 2882 766 2978 Winter.
789 2915 868 2979 xx.
891 2881 1124 2979 denarios
1166 2884 1231 3006 iij.
1259 2881 1436 2981 caseos.
1481 2886 1543 3005 iij.
1566 2883 1747 3026 pullos.

403 2996 528 3107 Item
553 2998 744 3098 Vlrieus
769 2998 833 3098 de
856 3000 1102 3131 Mezzing.
1131 3033 1245 3099 xxx.
1270 2998 1515 3102 denarios.
1547 3037 1610 3099 vr.
1624 3004 1806 3104 caseos.

285 3111 349 3235 iij.
383 3114 566 3242 pullos.
694 3139 698 3146 ’
1443 3151 1449 3170 ’

247 3340 250 3345 ,
347 3341 352 3350 ,
408 3234 632 3327 Wisento
664 3231 817 3330 faber.
848 3237 910 3357 iij.
931 3233 1130 3332 solidos.
1170 3237 1235 3335 iii.
1262 3239 1442 3336 caseos.
1473 3240 1539 3336 iii.
1561 3239 1752 3366 pullos..

296 3361 303 3381 “
405 3348 669 3444 Hainricus
693 3348 847 3446 faber.
878 3353 1008 3474 xviij.
1029 3350 1273 3452 denarios.

355 3579 389 3672 H
404 3463 511 3560 Leo
547 3466 929 3566 molendinator.
968 3501 1082 3568 xxx.
1117 3469 1360 3570 denarios.
1413 3475 1475 3598 iij.
1514 3475 1693 3574 caseos.
1726 3479 1800 3598 iij.

199 3655 203 3662 .
322 3609 465 3676 uos.
624 3617 629 3628 ·

284 3611 318 3704 p
399 3697 470 3790 Im
495 3697 809 3828 Serempach.
842 3735 920 3800 xx.
947 3701 1191 3803 denarios.
1212 3699 1293 3802 ‘iit
1319 3707 1496 3805 caseos.
1528 3708 1800 3837 iij.·pullos.

399 3815 662 3914 Heinricus
696 3819 873 3917 Maier.
910 3820 1165 3922 dimidium
1201 3739 1456 3922 taientum.
1497 3828 1578 3922 xii.
1617 3827 1797 3939 caseos.

272 4166 326 4261 ii·
402 4083 625 4265 ultltggrus
645 4055 698 4148 in
722 4050 1074 4184 Nezzelperch.
1105 4091 1216 4172 xxx
1240 4013 1487 4159 denarios.
1528 4062 1590 4158 vi.
1615 4061 1794 4161 caseos.
1826 4058 1831 4072 '

307 4201 342 4288 J
365 4199 453 4424 pit}
489 4238 567 4382 He
653 4291 797 4418 pach.
827 4291 966 4390 Loco
1002 4292 1204 4393 Stelzer.
1239 4299 1269 4424 j.
1295 4313 1553 4396 metretam
1576 4241 1792 4427 papaue-

268 4431 357 4498 ns.
397 4433 460 4498 n.
485 4436 660 4501 caeos.
702 4411 974 4538 iii.·pullos.
1208 4415 1214 4432 ’
1828 4453 1829 4458 ¹

265 4551 669 4768 pullosoawarus.
711 4529 754 4650 j.
778 4544 1038 4632 metretam
1070 4535 1344 4664 papaueris.
1395 4534 1456 4660 iij.
1493 4535 1674 4638 caseos.
1722 4532 1795 4652 iij.

1001 4886 1109 5014 03
1212 4947 1217 4954 -
1432 4944 1434 4952 ·
1597 4889 1726 4987 Leu-
