4717 6050
593 538 599 549 ι
675 512 682 530 ,
771 434 1014 521 onnon.
1042 426 1411 515 nvsrnmc.
1699 458 1779 541 ιε,

285 666 516 765 arcuum
538 637 733 766 sagittas
762 609 928 735 'velut
957 748 960 757 .
992 640 1140 735 ubres
1180 638 1324 763 super
1344 646 1437 733 eos
1467 638 1696 734 volantes
1724 672 1818 765 pro

215 775 221 781 '
304 760 494 856 nichilo
525 758 831 907 reputabant
871 758 921 850 in
944 748 1311 853 ultus'hollium
1330 758 1540 849 'minime
1572 757 1820 852 curabant

279 956 285 969 ,
305 872 458 971 Maro
490 876 701 971 ciurtatis
726 875 931 971 interius
950 874 1319 974 ,vulneratorum
1349 872 1567 997 vndique
1587 874 1819 1001 sanguine

306 992 536 1121 resperso.
584 994 649 1089 Et
680 994 796 1117 quia
829 990 1291 1131 Comespredictus
1330 988 1458 1086 filios
1490 1020 1661 1083 eorum
1702 990 1822 1084 obsr·

169 1207 176 1213 „
308 1106 398 1207 des
427 1122 687 1237 receperat
715 1108 901 1205 sorcius
930 1108 1264 1207 Dimicabant
1325 1105 1552 1202 Tandem
1574 1107 1822 1229 ‚machina

308 1225 533 1350 quadem.
563 1223 921 1353 priapus-dicta
952 1256 1091 1323 muro
1122 1226 1339 1319 ciuitatis
1371 1255 1557 1351 magna·
1577 1238 1718 1348 parte
1748 1226 1820 1322 in·

303 1356 547 1469 terrupto.
587 1374 702 1438 cum
734 1346 976 1439 'exercitus
1017 1343 1154 1438 ducis
1192 1371 1286 1469 per
1313 1340 1540 1436 foramen
1564 1340 1822 1437 violenter

229 1554 231 1559 ,
300 1461 526 1557 intraret.
559 1460 721 1555 adhuc
751 1461 935 1586 Vngari
965 1463 1185 1555 interius.
1214 1461 1400 1554 lanceis
1423 1473 1475 1553 et
1497 1459 1545 1551 sa
1581 1459 1693 1552 ‘ttis
1723 1460 1823 1670 pla·

306 1575 400 1695 dijs
433 1594 485 1671 et
513 1578 772 1674 securibus.
803 1578 852 1673 la
890 1576 1278 1716 idibusquoque
1313 1592 1363 1671 et
1387 1577 1510 1670 luto.
1563 1606 1705 1669 ocum
1748 1607 1823 1671 or·

305 1695 423 1787 titcr
454 1691 807 1793 defendebant·
927 1694 1662 1819 iserumvidrssesspectaculum.
1693 1692 1823 1791 Nam

306 1806 409 1903 illic
443 1814 535 1911 viri
567 1809 629 1907 de
652 1838 801 1909 muro·
822 1812 966 1938 super
984 1814 1212 1907 homines
1235 1815 1490 1906 intrantes.
1513 1812 1656 1938 »ligna
1678 1825 1729 1904 et
1752 1812 1822 1905 la«

212 2026 216 2031 ,
343 1924 462 2021 ides.
494 1929 868 2033 illac'mulieres
890 1936 1074 2053 'aquam
1096 1928 1317 2021 'calidam
1349 1928 1560 2051 etsepes
1577 1926 1824 2022 ardentes.

244 2068 259 2073 ··
366 2044 658 2140 ioaluearia
686 2076 980 2256 flmmeum
1009 2044 1118 2169 iplis
1149 2044 1325 2169 apibus
1344 2044 1678 2168 proiciebant
1722 2040 1828 2138 Sed

306 2192 418 2257 cum
467 2191 572 2257 non
591 2195 681 2289 epo
718 2176 805 2257 ent
852 2160 1109 2286 preualere
1151 2162 1318 2286 ignem
1360 2161 1612 2253 mittentes
1664 2174 1825 2255 totam

345 2280 506 2371 enitus
538 2277 895 2373 succenderunt
913 2280 1166 2371 ¹ciuitatem
1198 2291 1249 2371 et
1269 2275 1503 2402 fugerunt
1525 2276 1589 2369 ad
1610 2276 1825 2371 castrum.

236 2486 239 2491 .
305 2310 422 2489 lata
453 2408 619 2489 autem
649 2393 851 2490 fratrum
882 2396 1140 2489 minorum.
1174 2396 1374 2520 penitus
1408 2390 1651 2487 conbusta
1695 2421 1824 2488 arre-

306 2514 407 2636 ptis
439 2509 674 2605 calicibus
704 2526 757 2606 et
786 2510 942 2607 libris·
965 2512 1359 2625 acor'namentis
1391 2508 1592 2603 ecclesie
1622 2510 1829 2605 recede·-

305 2642 434 2720 runt.
496 2626 673 2727 Paucis
717 2655 856 2739 vero,
881 2624 1054 2721 diebus
1092 2626 1346 2720 transactis
1391 2624 1541 2719 castro
1582 2627 1827 2722 machinis

307 2756 612 2879 oppugnato.
657 2773 796 2837 muro
849 2742 1069 2837 funditus
1119 2742 1319 2837 sussolso.
1369 2747 1421 2838 in
1463 2770 1640 2868 magna
1679 2757 1826 2867 parte

305 2872 503 2953 corrurt.
566 2855 867 2954 Castellanus
907 2872 1071 2953 autem
1113 2890 1224 2953 cum
1254 2860 1347 2953 suis
1390 2859 1526 2952 abire
1556 2858 1824 2984 permissus.

303 2973 426 3070 Dux
468 2972 563 3068 suis
605 2975 888 3071 hominibus
932 2991 983 3072 et
1011 2976 1247 3102 expensis.
1285 2974 1486 3083 castrum
1517 2975 1738 3072 muniuit.
1771 2991 1826 3081 et

306 3091 364 3186 lic
394 3091 608 3186 feliciter
637 3123 748 3186 cum
779 3097 990 3190 victoria
1018 3095 1240 3188 reuersus
1263 3089 1422 3187 estad
1445 3099 1658 3216 propria.
1722 3095 1823 3189 Eo·

304 3206 423 3302 dem
452 3237 585 3302 anno
617 3207 923 3330 procedente
954 3224 1179 3334 tempore
1216 3211 1345 3301 circa
1373 3210 1823 3306 natiuitatemDo·

305 3326 440 3420 mini.
497 3323 617 3428 Dux
657 3323 828 3419 austrie
869 3325 1047 3419 iterum
1088 3324 1312 3417 collecto
1357 3327 1578 3423 exercitu
1619 3328 1825 3425 intrauit

308 3440 575 3565 Vngariam
617 3454 668 3533 et
699 3439 912 3536 castrum.
952 3439 1272 3566 quod··Mons
1316 3441 1469 3533 sancti
1498 3441 1599 3535 Viti
1628 3440 1823 3537 dicitur.
1984 3472 1988 3479 ·

304 3572 543 3694 potenter
572 3559 875 3767 expugnauit
904 3572 956 3652 et
981 3558 1206 3654 obtinuit.
1239 3555 1442 3681 predam
1466 3588 1692 3682 magnam
1717 3560 1823 3652 Dn-

306 3689 380 3768 xit
422 3689 474 3768 et
512 3705 625 3768 rece
663 3689 712 3767 st
802 3672 996 3769 Eodem
1038 3706 1169 3779 anno
1211 3669 1416 3768 Inclitus
1458 3673 1577 3766 Dux
1607 3674 1853 3771 Babarie¹
1944 3777 1946 3781 ,

305 3788 568 3894 Heinricus
612 3805 832 3885 mortuus
873 3790 952 3886 est
994 3794 1072 3886 cui
1116 3789 1326 3886 succedit
1369 3793 1496 3886 Otto
1535 3790 1663 3886 silius
1698 3795 1821 3889 suus.

306 3905 502 4004 Eodem
534 3939 667 4002 anno
708 3905 1333 4005 Ruedolsusromanorum
1364 3911 1493 4034 regis
1523 3907 1669 4004 silius·
1709 3938 1824 4006 cum
1930 3915 1934 3920 ’

306 4022 464 4150 Prage
497 4026 652 4119 vellet
683 4023 881 4134 Visrtare
912 4024 1043 4120 suam
1067 4026 1295 4120 sororem.
1320 4025 1563 4120 Bohemie
1584 4056 1638 4118 re
1676 4028 1820 4128 'nam

306 4155 530 4234 mortuus
574 4141 651 4236 eli.
741 4140 935 4235 Eodem
968 4172 1098 4236 anno
1131 4143 1613 4268 venerabilis-pater.
1698 4146 1821 4238 omi·

306 4286 401 4350 nus
426 4255 704 4352 Ruedolfus
736 4255 876 4351 Salcz
917 4257 1124 4386 urgensis
1150 4260 1449 4384 archiepisco
1488 4292 1560 4352 us.
1584 4261 1717 4379 obijt.
1741 4264 1822 4356 cui

305 4373 520 4466 luccellit
549 4375 831 4498 Stephanus
855 4289 981 4469 silius
1005 4377 1404 4473 HeinriciDucis
1473 4377 1686 4472 abarieff
1720 4379 1820 4471 Eo·

308 4487 422 4584 dem
455 4519 586 4582 anno
628 4493 1004 4592 inveniebantur
1035 4493 1180 4588 viole.
1221 4496 1274 4588 in
1305 4497 1565 4588 natiuitate
1596 4495 1817 4591 Domini.

308 4622 360 4702 et
390 4608 442 4698 iu
470 4608 846 4710 circumcisione.
879 4625 928 4703 et
958 4612 1010 4706 in
1033 4609 1342 4735 Epyphania.
1375 4626 1424 4705 et
1451 4610 1705 4736 Deinceps
1729 4641 1820 4736 per

305 4736 464 4830 totam
494 4723 714 4824 austriam
748 4729 949 4828 arbores
978 4726 1322 4948 prppuxorunt
1346 4729 1494 4830 flores
1529 4731 1582 4828 io
1614 4731 1735 4826 ortis
1766 4743 1819 4826 et

1101 4875 1135 4941 n
1161 4877 1211 4973 3*
1394 4913 1398 4919 -
1507 4893 1515 4910 ι
1665 4875 1760 4973 po·
