4717 6050
608 440 711 517 454·
802 386 997 493 “vt
1077 351 1701 498 scnnr'Tovrrtr

601 650 656 713 us
698 611 1040 711 Ardinacenlis
1086 613 1378 729 creduntur,
1405 613 1565 709 'Imbri
1603 616 1719 709 olim
1759 614 1823 710 ad
1862 618 2066 717 verbrnn

451 765 453 771 ’
620 739 666 829 ei
698 732 1052 861 predicandum
1088 734 1303 827 creditur
1333 732 1537 847 venille,
1566 649 1654 827 bis
1686 733 1858 830 diebus
1896 738 2066 831 beatus

560 854 808 987 Kylianus
842 881 953 945 cum
984 852 1124 967 locijs
1161 850 1267 943 luis¹
1294 846 1541 944 Colonolo
1577 865 1627 944 et
1665 850 1892 947 Tomano
1941 855 2067 949 clam

561 1006 592 1070 a
622 968 902 1071 truculenta
934 966 1156 1063 foemina
1199 966 1411 1062 Geilana
1449 970 1503 1060 in
1550 965 1717 1061 odium
1776 966 2069 1092 predicatio-

245 1068 252 1081 *
429 1092 432 1101 ‘
502 1172 507 1179 .
559 1096 636 1189 uis
671 1081 787 1181 fidei
814 1085 868 1179 in
902 1082 1167 1211 Herbipoli
1205 1082 1536 1203 trucidantur,
1588 1116 1644 1179 ac
1683 1089 1897 1180 martirio
1927 1116 2065 1183 coro

560 1218 848 1435 nantium,
878 1348 1025 1445 quam
1059 1282 1212 1445 aliqui
1241 1317 1408 1412 Viuilo
1425 1317 1518 1440 alij
1553 1349 1671 1415 vero
1705 1318 1871 1413 Viuilo
1910 1321 2066 1414 nomi·

562 1452 711 1551 nant,
740 1436 1153 1649 Arcbiepilcogus
1184 1436 1525 1547 Laureacenlrs
1553 1452 1604 1530 et
1628 1436 1922 1533 Patauientis
1942 1435 2063 1531 ledit

364 1492 367 1499 Ι
406 1603 411 1615 ·
563 1557 705 1653 annis
739 1555 858 1649 xxiir
888 1584 1022 1648 anno
1088 1554 1243 1648 omini
1274 1552 1570 1647 DCCXXll.
1601 1555 1695 1648 Hic
1728 1552 1865 1647 Wilo
1894 1552 2064 1647 aGre·

596 1679 702 1770 orio
737 1668 951 1764 secundo
982 1668 1120 1794 Papa
1150 1670 1305 1795 pallio
1340 1671 1610 1764 honoratur
1655 1686 1706 1763 et
1742 1671 1794 1764 in
1834 1671 2063 1795 archiepi-

560 1708 643 1891 lco
681 1819 763 1880 um
794 1786 1125 1900 consecratur,
1167 1802 1316 1911 prout
1347 1788 1447 1911 ipse
1484 1786 1750 1912 Gregorius
1826 1786 2062 1900 rolitetur,

559 1824 776 2009 scribens
811 1902 874 1997 ad
911 1901 1225 1999 Bonifacium
1253 1904 1626 2030 Moguntinurn,
1655 1920 1708 1997 vt
1740 1816 1834 1997 inb
2030 1906 2040 1923 '

561 2026 681 2123 stola
711 2019 774 2117 ad
796 2018 1111 2115 Bonifacium
1133 2023 1427 2115 continetur.
1485 2022 1582 2120 Hic
1602 2021 1717 2116 Vilo
1740 2036 1960 2146 tempore
1984 2051 2060 2113 err·

565 2142 678 2265 cidij
709 2137 1040 2233 Barbarorum
1064 2142 1116 2232 in
1150 2169 1251 2266 quo
1284 2139 1625 2234 Laureacenlrs
1659 2136 1854 2233 ecclelia
1884 2138 2064 2231 misera·

551 2258 942 2357 'bilcmruinam
970 2253 1100 2393 palla
1135 2272 1186 2350 et
1219 2256 1347 2380 quafi
1382 2257 1599 2351 extincta
1618 2254 1931 2370 describitur,
1953 2284 2062 2348 con·
2244 2312 2263 2380 ,ἶ

564 2375 779 2592 §regatis
810 2371 1041 2487 Clericrs,
1100 2372 1382 2488 monacbis,
1442 2387 1493 2466 et
1533 2372 1827 2468 monialibus
1861 2371 2065 2465 ecclesiae
2244 2375 2265 2497 ¹⁵:

1836 1907 2097 2029 ainep1·.
2205 1953 2262 1994 ·.

588 2526 688 2608 uae,
717 2519 811 2616 pro
846 2490 1064 2583 tuicione
1097 2490 1161 2587 ad
1201 2494 1437 2585 munitam
1478 2491 1648 2584 vrbem
1695 2488 1953 2585 Patauium>
1987 2484 2067 2582 de·
2244 2507 2250 2526 ¹

566 2611 771 2709 clinauit
799 2607 965 2730 ibique
1000 2604 1165 2701 sedem
1197 2621 1482 2701 reuerenter
1520 2604 1808 2718 collocauit,
1852 2605 2066 2701 Odilone

473 2816 479 2831 .
565 2729 693 2825 duce
726 2723 1032 2820 Bauarorum
1066 2723 1149 2817 irbi
1191 2722 1412 2817 fauorem
1456 2724 1785 2836 concedente,
1850 2754 1924 2816 uae
1954 2738 2067 2815 tunc

428 2938 433 2951 ,
565 2845 630 2941 de
668 2846 751 2943 luo
787 2840 999 2934 districtu
1034 2855 1085 2935 et
1127 2841 1463 2935 iurisdictione
1495 2838 1614 2954 fuit,
1661 2842 1780 2935 licet
1820 2894 1824 2899 ·
1858 2838 2064 2933 affilouis

446 3032 450 3040 ·
568 2978 620 3057 et
656 2957 889 3056 Odilonis
933 2987 986 3051 re
1024 2987 1076 3052 es
1121 2955 1421 3050 Patauorum
1463 2957 1713 3082 legantur,
1770 2955 1898 3052 Nam
1936 2958 2070 3070 iuxta

422 3125 427 3136 ·
565 3077 879 3206 priuilegium
904 2986 1250 3288 Phffipfffluln
1270 3072 1471 3168 Patauio
1497 3076 1770 3201 colligitur,
1800 3074 2069 3203 eorundeur

566 3224 739 3321 regum
768 3192 1039 3317 particulas
1095 3189 1210 3286 eudr
1253 3189 1401 3286 fuille.
1460 3192 1523 3284 de
1568 3192 1660 3306 bac
1694 3194 2072 3331 transmigratio·

474 3327 478 3342 ‘
569 3343 635 3410 ne
682 3314 733 3406 in
778 3309 994 3446 quodam
1098 3308 1300 3433 iuilegio
1337 3308 1585 3435 ,Arnolphi
1624 3309 1939 3436 Imperatoris
1983 3337 2074 3435 per

566 3425 915 3524 Winchrrdum
944 3341 1360 3551 arcbibpiscopum
1391 3428 1703 3550 impetratum
1736 3425 1953 3522 declarat
1972 3457 2072 3520 ma·

484 3703 490 3713 ·
564 3544 861 3759 tillir·
889 3541 1967 3757 abilffimffillpiiimiililiniiffsrillinb
1983 3542 2073 3754 ⁰13}

430 3831 434 3846 ·
564 3777 650 3876 fili·
671 3691 835 3903 Angit
868 3809 931 3896 ex
958 3773 1174 3900 Alpaide
1205 3776 1476 3872 concubina
1509 3780 1704 3904 genitus
1735 3695 2071 3874 Saxonespde·

548 3811 748 4010 -bedlat,
776 3893 1108 4032 transiensque
1142 3891 1308 3987 Rheni
1338 3896 1561 4005 fluuium,
1604 3895 1911 3992 Alemannos
1953 3897 2069 3992 Sue·

560 4042 663 4134 uos
694 4026 745 4106 et
776 4009 998 4128 Bauaros
1032 4012 1132 4138 rpse
1177 4009 1454 4135 perlustrat,
1514 4014 1661 4105 etiam
1702 4045 1857 4138 usque
1901 4014 2067 4108 Danu·

563 4114 701 4222 bium
739 4151 1017 4254 occupans,
1083 4127 1272 4254 lubegit
1306 4130 1453 4222 etiam
1480 4129 1708 4224 Frisones
1737 4129 2068 4258 Burgundiam

469 4279 477 4287 ·
568 4259 620 4343 et
642 4243 1039 4372 Lotbaringiam,
1070 4241 1368 4360 Sarracenos
1380 4245 1780 4362 transfretantes,
1810 4248 2072 4374 apudArc·

565 4362 721 4458 latum
754 4361 889 4458 bello
922 4363 1046 4484 petit
1080 4377 1129 4456 ct
1161 4361 1373 4474 deleuit,
1413 4363 1572 4458 Huius
1601 4379 1823 4488 ternpore
1863 4365 2070 4462 Sanctus

376 4549 382 4554 -
459 4562 464 4572 .
559 4473 855 4575 Bonifacius
895 4477 1218 4616 Maguntinus
1242 4518 1251 4539 Ι
1272 4510 1335 4572 ex
1375 4477 1577 4574 decreto
1617 4480 1768 4608 Papae
1820 4485 2071 4579 Zachariae

566 4591 724 4695 diuisit
756 4598 1061 4718 prouinciam
1104 4595 1487 4692 Laurcacenscm
1518 4599 1570 4691 in
1606 4598 2069 4723 quatuordioceses

567 4711 650 4816 ret
691 4705 967 4812 Parocbi'as'
1006 4740 1071 4820 ex
1111 4713 1345 4817 consensu
1381 4711 1546 4842 Pipini
1588 4721 1718 4846 regis
1758 4720 1983 4938 Fradrgiilaa1
2014 4745 2071 4812 uc
