4717 6050
806 442 1362 573 orvscvia‘
1611 458 1761 593 ’4η
1922 538 1932 548 -

154 720 157 728 ’
286 698 399 827 'que
460 722 592 793 nunc
645 692 710 791 est
763 686 826 790 de
876 686 1032 809 [terris
1094 694 1265 789 austrie
1315 690 1628 791 inserendum
1680 695 1816 793 vide·

300 832 382 913 tur
419 816 706 935 narracionj.
749 812 819 909 de
863 826 988 907 ortu.
1031 809 1238 905 ducatus
1284 810 1454 906 austrie
1502 812 1587 906 sed
1652 818 1815 909 remit·

296 933 505 1030 tendum
539 931 603 1026 est
627 933 691 1027 ali
710 927 812 1024 'uid
846 929 909 1023 de
943 927 1158 1023 eiusdem
1191 928 1571 1035 ciuitatisAnesi
1646 932 1816 1055 ‘gnita·
1919 990 1923 997 -

295 1060 362 1145 te.
422 1047 679 1177 Siquidem
751 1078 808 1141 ec
841 1046 943 1173 ipsa
970 1047 1143 1142 ciuitas
1166 1046 1497 1141 laureacensis.
1511 1076 1633 1170 ymo
1659 1047 1815 1142 eccle·

294 1166 504 1267 statuero
528 1164 1050 1290 sanctatemporibusa
1087 1160 1192 1288 poll
1221 1162 1387 1285 ,lorum
1400 1163 1464 1257 ad
1477 1161 1624 1258 fidem
1651 1163 1816 1260 catho·
1916 1248 1923 1262 ,

293 1282 442 1383 licam
477 1282 542 1377 cll
572 1284 817 1377 conuersa.
877 1280 1007 1377 Nam
1059 1296 1232 1374 anctus
1304 1294 1436 1373 etrus
1459 1280 1660 1375 beatum
1683 1279 1816 1375 Mar·
1958 1313 1973 1333 ·

24 1488 26 1499 .
297 1430 408 1497 cum
434 1430 577 1497 ewan
613 1399 793 1493 elissam
824 1399 877 1493 in
903 1396 1232 1523 Aquilegiam
1284 1395 1502 1490 estinauit
1523 1402 1607 1523 qui
1630 1394 1817 1516 ibidem

140 1558 145 1563 ·
296 1520 514 1615 sanctum
595 1516 899 1611 rmachoram
941 1532 993 1607 et
1034 1512 1362 1608 Fortunatum
1399 1544 1510 1607 curu
1551 1517 1655 1633 aliis
1698 1545 1815 1610 con·

295 1636 448 1729 uertit
488 1633 553 1727 ad
595 1630 849 1726 dominum
890 1644 942 1726 et
986 1630 1379 1725 Hermachoram
1434 1632 1485 1723 in
1531 1632 1816 1757 episcopum

297 1749 548 1846 ordinauit
604 1747 690 1842 Iste
713 1764 877 1843 autem
890 1748 1254 1843 Hermachoras
1275 1745 1383 1863 aliis
1404 1744 1666 1872 predicans
1680 1749 1743 1845 ad
1763 1748 1815 1845 li·
1895 1857 1903 1875 ι

109 1982 111 1987 ¹
295 1866 410 1963 dem
425 1864 582 1963 christi
592 1866 644 1959 in
658 1868 816 1988 (inter)
831 1881 1024 1960 ceteros
1047 1864 1230 1991 Syrum
1253 1864 1587 1959 etEucncium
1609 1896 1815 1961 conuer-

28 2086 31 2099 ,
288 1986 353 2077 tit
378 2014 502 2111 quos
526 1985 723 2123 papiam
737 1984 832 2077 siue
845 1980 1094 2110 Tycinum
1109 1978 1289 2115 direxit
1311 1981 1394 2103 qui
1405 1978 1590 2074 ibidem
1610 1982 1815 2079 verbum

292 2101 484 2196 domini
506 2103 800 2193 seminantes
817 2101 973 2191 eciam
985 2096 1158 2190 vicinis
1172 2096 1452 2189 ciuitatibus
1466 2096 1647 2192 scilicet
1660 2098 1818 2193 Vero·

289 2218 423 2315 nensi
446 2214 708 2311 brixinensi
732 2230 784 2309 et
805 2210 1086 2307 laudanensi
1110 2243 1207 2337 que
1230 2212 1486 2308 laureacus
1510 2210 1811 2339 diciturpre·
1896 2227 1904 2238 '

246 2437 248 2443 ,
289 2332 557 2429 dicabant
599 2334 774 2456 ltaque
805 2331 1028 2455 plurimis
1064 2326 1343 2421 ciuitatibus
1374 2325 1438 2421 ad
1470 2331 1600 2423 viam
1632 2335 1814 2430 verita.

285 2455 353 2545 tis
387 2450 629 2543 conuersis
661 2449 966 2573 temporibus
999 2444 1266 2538 succelliuis
1312 2442 1472 2540 factus
1516 2445 1581 2540 eli
1607 2449 1816 2575 Aquile-

240 2658 244 2669 ,
288 2570 370 2694 gie
401 2565 772 2689 patriarchatus.
804 2564 1018 2657 laureaci
1052 2592 1172 2656 vero
1210 2562 1374 2656 archie
1411 2562 1668 2687 iscopatus.
1706 2564 1812 2661 Sed
1871 2571 1884 2601 ¹

213 2728 223 2741 ·
326 2682 445 2777 osset
482 2684 672 2807 opponi
705 2679 973 2774 silaurea'ci
1005 2679 1099 2772 fuit
1141 2679 1357 2803 archiep'
1382 2695 1588 2804 copatus
1630 2681 1716 2777 vbi
1757 2682 1814 2781 sit

336 2799 595 2921 athalogus
625 2796 912 2891 eorumdem
955 2795 1432 2919 archiepiscoporum
1481 2810 1533 2890 et
1573 2796 1658 2891 vbi
1702 2798 1813 2895 suo·

284 2946 393 3023 rum
422 2914 833 3054 suffraganeorum
864 2913 1082 3006 Kathalo
1118 2941 1174 3003 us
1210 2926 1261 3003 et
1282 2912 1365 3004 vbi
1387 2913 1695 3040 Kathalogus
1720 2913 1813 3009 du·

286 3063 395 3128 eum
419 3031 607 3125 Austris
630 3029 777 3124 Stiria
798 3029 953 3123 Ystrie
978 3062 1035 3123 ac
1103 3030 1314 3121 arinthie
1338 3032 1423 3154 qui
1451 3060 1582 3124 nunc
1603 3033 1811 3128 noscun-

286 3161 366 3244 tur
408 3148 500 3240 else
540 3149 844 3270 principatus
899 3162 949 3238 et
994 3144 1178 3240 habere
1236 3149 1517 3267 prouincias
1571 3148 1595 3240 s
1625 3150 1810 3248 eciales
1947 3223 1952 3228 -

177 3325 180 3332 ,
285 3263 366 3361 Ad
402 3265 610 3402 primum
645 3275 696 3352 et
728 3259 994 3356 secundum
1026 3258 1292 3364 dicendum
1329 3263 1464 3386 quod
1496 3181 1813 3392 Katbalogus.
1967 3280 1989 3357 ’.
2068 3358 2072 3366 ,

286 3379 768 3520 archiepiscoporum
796 3377 1117 3470 laureacensis
1163 3375 1362 3472 ecclesie
1400 3392 1452 3470 et
1483 3377 1833 3506 suffraganeo·

283 3529 393 3601 rum
424 3525 527 3591 eius
559 3525 651 3619 per
681 3495 832 3620 longa
860 3490 1009 3588 valde
1040 3508 1267 3617 tempora
1299 3491 1422 3588 Ideo
1455 3506 1557 3588 tam
1577 3497 1803 3596 modicus

286 3616 351 3712 eli
381 3617 445 3710 Et
476 3613 617 3711 velut
645 3611 824 3704 nullus.
887 3610 1018 3729 Quia
1049 3626 1153 3706 tem
1190 3639 1279 3705 ore
1315 3608 1533 3707 Odearci
1558 3613 1804 3738 (Odoacri)
1969 3643 1973 3652 ·

284 3733 415 3858 regis
452 3729 707 3855 Rugorum
730 3741 781 3822 et
802 3727 1083 3823 theodorici
1108 3641 1542 3866 Ollrogothorum
1584 3730 1806 3827 obsisten-

277 3851 413 3944 tibus
445 3853 520 3974 lpa
555 3848 660 3979 anis
711 3845 792 3941 vel
834 3843 1085 3940 ecclesiam
1129 3845 1522 3984 opprimentibus
1562 3845 1806 3945 Romanis

283 3877 585 4090 Metropolis
620 3961 969 4058 Laureacensrs
996 3995 1105 4056 cum
1140 3965 1235 4058 suis
1268 3963 1588 4104 suffraganeis
1607 3963 1670 4058 ad
1693 3986 1791 4059 cc⁰⁸·

286 4099 339 4179 ct
367 4113 431 4177 eo
463 4081 672 4208 amplius
710 4110 868 4175 annos
902 4079 997 4174 sine
1029 4080 1343 4176 sacerdotalis
1379 4081 1617 4208 dignitate
1651 4082 1800 4178 bene·

283 4201 515 4296 dictionis
548 4212 662 4292 erat.
722 4195 824 4291 Sed
866 4195 1109 4291 chri-iliani
1171 4195 1438 4293 uieodem
1470 4213 1574 4293 tem
1610 4229 1697 4294 ore
1729 4201 1801 4297 ibi

283 4313 574 4411 habitabant
642 4314 752 4407 auci
785 4309 910 4408 aduc
937 4331 1099 4430 erant,
1130 4227 1196 4409 {t
1229 4315 1423 4410 occulte
1459 4347 1551 4440 per
1573 4231 1804 4413 latebras.

284 4429 503 4526 diuinum
520 4345 723 4527 'cullum
758 4432 1073 4570 exercebant·
1091 4429 1218 4528 Nam
1254 4431 1484 4560 siquidem
1520 4431 1802 4558 deprehen·

118 4630 121 4648 .
283 4545 525 4642 debentur
535 4564 620 4644 aut
639 4549 861 4642 acerbius
885 4547 1169 4644 verberibus
1181 4562 1262 4644 tor
1297 4549 1540 4643 uebantur
1549 4565 1633 4644 aut
1644 4555 1799 4647 exilio

198 4721 204 4730 -
270 4663 594 4878 'pellebantur
617 4682 700 4760 aut
719 4664 888 4805 gladio
916 4665 1233 4760 necabantur.
1309 4665 1407 4761 nde
1430 4665 1616 4762 factum
1646 4668 1710 4763 et
1744 4683 1800 4765 vt

300 4796 471 4880 anctus
496 4780 865 4877 Maximihanus
891 4797 941 4877 et
965 4783 1155 4876 sanctus
1178 4783 1438 4879 Florianus
1464 4815 1578 4878 cuin
1598 4787 1704 4903 alijs
1725 4785 1798 4882 xl.

278 4895 559 5004 martiribus
583 4915 878 5002 necarentur
907 4901 988 5118 Ekt1
996 4898 1478 5118 {lagopussseuerinus
1498 4903 1649 5121 exulo
1689 4903 1799 5026 pel·
2026 5009 2030 5013 ,

298 5073 303 5083 ,
1015 5093 1016 5096 κ
1627 5047 1736 5119 cre·
1864 5078 1867 5083 <
1982 5046 1985 5052 ·
