4717 6050
693 455 769 531 48ae
1007 432 1089 513 VI:
1160 428 1789 513 SC'ssRlTOVllsl

644 643 812 754 cultis,
844 639 984 764 aquis
1033 665 1333 762 aquarumue
1368 635 1677 751 decursibus,
1707 637 1885 756 molis,
1915 639 2143 737 molendi·

642 762 745 874 nis,
785 755 1161 884 piscationibus,
1203 757 1411 851 exitibus
1452 763 1505 850 et
1535 755 1840 870 redditibus,
1873 761 1967 880 vijs
2007 772 2056 853 et
2083 761 2142 853 in·

628 880 759 998 uijs,
792 875 1042 989 marcatis,
1072 870 1376 988 Tbeloneis,
1406 877 1646 988 monetis,
1677 873 1891 1000 quaesitis
1922 891 1979 972 et
2004 877 2143 1001 inqui·

463 1085 474 1096 ,.
642 991 810 1094 tendis
854 993 1087 1116 omnique
1128 991 1339 1088 utilitate
1370 991 1421 1083 in
1450 995 1707 1132 proprium
1743 991 2002 1109 dedimus,
2043 1025 2142 1088 con·

645 1111 890 1214 firmamus
932 1124 1177 1235 perpetuo
1208 1109 1315 1202 iure
1348 1107 2068 1225 ·obt1nendum·eoncelliu1us,
2095 1143 2142 1205 ea

643 1231 837 1324 ratione
898 1240 952 1320 vt
994 1226 1158 1320 nullus
1202 1225 1519 1320 suceessorum
1564 1225 1835 1322 nostrorum
1884 1229 2144 1354 Imperator

644 1346 740 1442 siue
774 1359 887 1459 rc'x,
918 1343 1019 1438 dux
1050 1342 1279 1439 Marchio
1310 1340 1515 1459 Comes,
1546 1360 1630 1439 aut
1660 1346 1756 1438 alia
1776 1348 1942 1441 maior
1971 1359 2055 1439 aut
2071 1346 2143 1436 mi·

644 1493 739 1561 nor
780 1462 988 1588 persona
1023 1460 1265 1556 iudicialis
1296 1459 1514 1585 praesatae
1550 1461 1764 1556 ecelesiae
1796 1464 1935 1556 bona
1969 1491 2144 1587 praeno·

473 1625 477 1633 ·
643 1584 856 1695 minata,
888 1579 1120 1693 aufferre,
1151 1578 1367 1673 alienare
1403 1609 1460 1672 ac
1493 1579 1598 1678 vllo
1624 1579 1775 1674 modo
1807 1580 2067 1706 praesumet
2083 1581 2143 1671 in·

647 1701 881 1839 quietare.
945 1693 1046 1792 Sed
1079 1697 1466 1822 praenominatus
1487 1699 1794 1810 Alamannus
1817 1697 2075 1824 episcopus
2103 1709 2143 1788 et

647 1848 752 1912 erus
790 1814 1076 1910 successores
1124 1813 1328 1910 liberam
1364 1813 1479 1909 inde
1514 1814 1732 1908 babeant
1760 1813 2052 1954 potestatem
2080 1829 2139 1905 te·
2176 1931 2179 1934 ⁴

644 1931 798 2030 nendi
831 1931 1167 2060 precariandi,
1200 1932 1560 2048 commutandi,
1589 1932 1671 2026 vel
1737 1929 1940 2062 urequid
1972 1928 2035 2024 ad
2065 1931 2140 2023 vti·

536 2095 537 2098 ¹
643 2055 834 2146 litatem
872 2048 1084 2146 ccclesiae
1125 2048 1376 2143 voluerint
1411 2047 1672 2146 faciendis?
1774 2065 1873 2145 tvt
1892 2050 2001 2142 baec
2024 2077 2139 2171 rega·

644 2172 707 2266 lis
740 2169 942 2264 traditio
980 2166 1140 2262 noslra
1178 2165 1355 2260 stabilis
1397 2182 1686 2291 permaneat
1720 2169 1855 2262 omni
1889 2197 1999 2260 aevo
2031 2166 2139 2258 banc

649 2288 865 2382 chartam
914 2283 1153 2380 conscribi
1200 2314 1447 2409 manuque
1489 2283 1648 2378 nostra
1686 2287 1889 2412 propria
1928 2282 2137 2384 cortobo

646 2419 840 2519 rantes,
872 2402 1008 2528 sigilli
1038 2395 1185 2496 nollri
1214 2402 1525 2525 impressione
1560 2401 1770 2496 iussimus
1802 2400 2054 2527 insigniri..
2084 2400 2138 2489 Si·

648 2551 796 2647 gnum
841 2520 1030 2616 domini
1070 2519 1275 2613 Henrici
1317 2521 1478 2657 quarti
1511 2525 1667 2644 regis'
1703 2514 2137 2646 Sigeharduscan·

649 2639 877 2734 cellarius
916 2640 1023 2734 vice
1061 2633 1356 2731 Geodesridr
1390 2636 1820 2758 Arcbicancellarij
1865 2639 1996 2776 regis
2052 2631 2135 2725 Da·

650 2773 752 2854 urm
793 2754 1007 2852 secundo
1042 2783 1201 2847 nonas
1234 2752 1402 2894 Martij
1451 2755 1601 2849 Armo
1637 2768 1800 2848 autem
1832 2748 2134 2849 ordinationis

511 2949 513 2954 .
651 2874 842 2968 domini
870 2873 1072 2967 Henrici
1104 2873 1265 2995 quarti
1281 2900 1418 2999 regis
1442 2901 1522 2966 xv.
1550 2873 1692 3000 regni
1713 2901 1832 2966 vero
1855 2875 1923 2967 xi.
1952 2947 1956 2954 ,
1983 2871 2133 2964 Actum

593 3106 599 3113 ¹
649 2989 934 3115 Ratisponac
958 2991 1009 3083 in
1038 2985 1121 3082 dci
1146 2987 1347 3083 nomine
1382 2987 1626 3086 foeliciter.
1666 2991 1842 3085 Amen.
1935 2986 2019 3083 Isle
2040 2982 2132 3078 Ale·

648 3138 857 3205 mannus
907 3138 1004 3235 ope
1049 3108 1257 3243 Agnetis
1308 3108 1630 3231 imperatricis
1686 3110 1843 3202 erexit
1897 3104 2131 3229 collegium

647 3226 819 3322 Sancti
843 3223 1040 3319 Nicolai
1066 3225 1284 3319 Pataurae
1310 3238 1449 3320 extra
1472 3225 1790 3318 murosurbis
1822 3225 1877 3318 su
1916 3244 1967 3318 ra
1984 3222 2130 3317 Enun.

651 3346 830 3437 Ortum
861 3338 925 3435 esl
968 3342 1065 3436 hoc
1098 3358 1323 3466 tempore
1424 3372 1517 3462 aue
1550 3342 1601 3434 in
1636 3340 1836 3436 ecclesia
1890 3336 2129 3437 candalum,

539 3502 544 3511 ¹
648 3460 698 3554 N
701 3491 778 3553 am
814 3474 987 3557 coacto
1017 3462 1069 3554 in
1092 3488 1244 3552 vnum
1274 3488 1364 3585 per
1462 3471 1740 3585 peratorem
1769 3460 2032 3589 Maguncic
2055 3477 2130 3544 ma·

434 3590 448 3619 ⁹
648 3578 939 3718 lignantium
965 3577 1196 3674 concilio.
1224 3576 1494 3702 Gregorius
1512 3607 1646 3716 papa
1672 3572 1936 3674 damnatur
1956 3575 2014 3669 ab
2032 3566 2127 3661 vrbe
2236 3677 2237 3694 ,

648 3694 895 3791 violenter
937 3696 1149 3815 eijcitur,
1191 3692 1323 3787 ouile
1355 3692 1527 3788 Chrisb
1565 3723 1594 3786 a
1626 3694 1764 3789 saeuis
1798 3696 1933 3822 lupis
1974 3684 2127 3815 dissipa·
2237 3724 2239 3760 ¹

648 3828 755 3926 tur,
797 3828 848 3906 et
881 3813 1134 3908 Wibcrtus
1169 3814 1244 3904 vir
1278 3811 1475 3934 spurcus
1509 3808 1785 3935 apostolicae
1820 3812 1925 3908 sedi
1959 3795 2126 3903 intrud-

648 3946 752 4046 tur,
792 3933 877 4057 qui
907 3928 1116 4025 foedauit
1184 3928 1415 4053 opulum,
1445 3926 1777 4053 prophanauit
1810 3923 2123 4055 sacerdotium,
2238 3989 2240 3998 ·

470 4056 476 4069 “
649 4062 855 4260 propter
901 4046 1035 4177 quod
1078 3958 1294 4170 palntes
1338 4045 1519 4255 vbipue
1560 4060 1796 4142 terrarum
1832 4048 1929 4145 suis
1965 4034 2127 4172 sedibut-

541 4252 545 4257 ·
649 4170 740 4379 sl
756 4181 970 4378 ‘lilla
1011 4166 1080 4383 is
1109 4166 1400 4379 ‘lslsssi
1438 4162 2121 4390 {slsleflsllsfstls

649 4316 956 4499 Meschidnis
1002 4315 1255 4495 Luitlaldi
1296 4401 1345 4493 in
1385 4397 1639 4535 Laureaco
1685 4350 1929 4495 constituis
1954 4418 2045 4534 ‘pro
2074 4400 2119 4507 ⁶9
2235 4369 2236 4376 Ν

650 4520 962 4616 Hermannus
992 4518 1144 4613 frater
1174 4515 1410 4614 Leotoldi
1443 4514 1746 4612 consbtuitur
1777 4550 1807 4613 a
1834 4517 2029 4637 ,Clencrs
2057 4517 2118 4619 qut

650 4639 734 4731 vix
767 4637 980 4731 biennio
1027 4636 1124 4733 sinc
1172 4634 1540 4731 consecratione
1589 4633 1776 4731 alienas
1828 4662 1948 4729 oues
1988 4632 2115 4717 toton·

553 4832 558 4839 .
652 4754 752 4869 dit,
792 4756 846 4853 et
892 4750 1062 4849 salsum
1103 4782 1287 4856 nomen
1333 4748 1532 4876 palloris
1571 4780 1683 4850 cum
1719 4754 1840 4848 vita·
1861 4754 1911 4849 in
1941 4737 2115 4843 scismate

651 4870 836 4993 finiuit,
929 4870 1106 4973 Fertur
1143 4868 1330 4971 influe
1373 4866 1656 4997 penituisse,
1706 4886 1759 4969 et
1802 4862 2116 5072 abs⁰¹¹¹tlsslfm
2232 4975 2236 5149 ⁴
