4717 6050
641 600 649 607 „
804 460 1300 563 OPVschn
1656 516 1733 587 4n

263 634 389 793 'Hoc
410 684 542 781 dictu
564 680 651 779 lint
675 692 729 781 vt
755 684 988 781 clarescat
1009 686 1153 783 buius
1177 655 1322 805 nostrj
1344 641 1798 808 auctoritasfundn.

86 810 87 817 ‘
274 807 400 902 toris
426 804 505 899 cui
537 802 762 899 addimus
793 818 844 899 et
875 804 972 899 alia
998 806 1053 897 in
1078 806 1578 931 preconiolocjnostrj
1603 839 1694 933 per
1715 844 1793 929 or.

273 922 443 1019 dinem
475 920 749 1017 disserenda
780 952 875 1046 que
902 924 1009 1018 sunt
1033 921 1144 1018 situs
1167 924 1660 1050 Manitaspatroni
1687 928 1795 1023 sub·

215 1040 470 1140 limitas.
501 1038 688 1139 Rerum
712 1038 988 1167 pluralitas.
1018 1056 1071 1137 et
1099 1036 1379 1140 Incolarum
1409 1040 1623 1183 dignitas
1653 1058 1748 1142 etc.
1870 1114 1872 1118 a
1957 1180 1962 1187 ‚
2080 1078 2085 1088 ·
2207 1020 2214 1029 ’

1764 1264 1769 1271 ι

307 1273 395 1374 De
420 1276 611 1405 origine
638 1288 689 1369 et
712 1273 853 1371 causa
880 1272 1197 1485 fffssdafiissnis
1220 1272 1503 1400 Monalicrij
1528 1274 1739 1376 Krembs

540 1439 544 1443 —
972 1422 1037 1485 un
1103 1423 1141 1487 r.
1200 1439 1205 1447 ·
1432 1447 1434 1451 ·

216 1610 219 1627 ’
385 1623 519 1722 Sane
544 1626 893 1723 Monallerium
924 1582 1320 1721 lsludsundator
1350 1655 1407 1721 ce
1443 1629 1485 1723 it
1514 1628 1793 1725 construere
1953 1641 1957 1653 ’

263 1744 362 1840 bac
396 1774 458 1840 ex
484 1745 637 1839 causa.
698 1744 826 1841 Nam
860 1776 972 1839 cum
1006 1742 1257 1840 excellens
1286 1740 1365 1836 Ta
1401 1777 1471 1842 ro
1516 1742 1648 1841 idem
1689 1744 1794 1842 dux'

302 1860 476 1956 uodam
506 1876 735 2001 tempure
766 1860 955 1985 yemali
985 1876 1106 1985 aput
1146 1862 1430 1957 laureacum
1475 1864 1560 1957 vbi
1582 1854 1807 1973 'Anesus
1851 1974 1857 1986 Ι
2022 1951 2027 1961 .
2087 1873 2091 1880 ’

99 1981 102 1986 ’
199 2034 202 2043 ν
262 1892 439 2075 duuius
474 1979 740 2075 bawariam
773 2011 802 2071 a
830 1980 1098 2105 pannonia.
1128 1972 1517 2105 tunc‘tcmporis
1536 1980 1793 2105 separabat

224 2110 548 2191 morareturss
610 2095 704 2190 Cui
737 2095 837 2190 illis
859 2094 1042 2189 ‘diebus
1075 2095 1238 2189 vicina
1262 2092 1377 2188 illua
1408 2111 1459 2193 et
1479 2094 1597 2189 fasta
1617 2097 1794 2220 (vasta)
1914 2170 1928 2194 .

259 2211 493 2350 heremus
546 2204 820 2307 adherebat
863 2206 1395 2350 diuersishabundans
1436 2211 1594 2351 bestijs
1638 2229 1787 2353 atquc

258 2328 394 2447 seri1s
421 2330 598 2453 (feris)
632 2327 855 2453 strennue
880 2330 1111 2457 agilitatis
1125 2330 1325 2423 iuuenis
1345 2328 1653 2425 Gsintharius
1680 2362 1787 2427 erus

147 2510 150 2521 ·
213 2495 220 2508 ·
258 2461 407 2539 natus
440 2443 750 2539 considerans
782 2448 1170 2571 oportunitatem
1212 2451 1452 2573 temporis
1493 2462 1643 2573 atque
1686 2447 1789 2545 loci

259 2560 324 2663 de
358 2562 537 2656 assensu
605 2565 720 2656 atris
753 2562 840 2657 illo
872 2578 1106 2657 venatum
1136 2564 1228 2656 iuit
1269 2566 1531 2659 comitibus
1572 2568 1791 2691 negocio
1839 2645 1848 2662 ,

84 2735 91 2747 ,
257 2594 601 2773 commodisf
1726 2684 1732 2693 ’

25 2828 66 2854 ’«
232 2796 475 2919 fluertem)
507 2794 621 2887 silue
637 2794 767 2888 feras
782 2795 1037 2919 aliquanto
1069 2817 1312 2890 remocius
1344 2800 1607 2919 insectatur
1625 2798 1787 2893 Silue·
1922 2826 1925 2835 ·

117 2912 122 2925 “
256 2908 399 3006 sireni
430 2912 561 3026 suem
592 2913 813 3038 reperuit
843 2910 1054 3036 (reperit)
1087 2927 1140 3005 et
1167 2915 1220 3005 in
1262 2913 1376 3007 loco
1419 2916 1505 3008 vbi
1542 2914 1657 3010 fons
1699 2916 1785 3042 qui
1926 2959 1934 2966 ·

587 2694 727 2772 ecum
758 2679 959 2803 sumptis
992 2682 1077 2803 qui
1108 2674 1347 2817 dumnpcr
1375 2680 1646 2777 suscitatum
1686 2685 1787 2803 (va-

254 3045 391 3123 nunc
424 3027 701 3124 Guntreicb
734 3031 1108 3235 (Gunrkerteiclp)
1141 3029 1318 3124 dicitur
1347 3031 1478 3126 forte
1513 3033 1577 3126 ab
1597 3050 1784 3128 euentu

251 3149 393 3239 necis
426 3158 538 3237 eta
568 3146 771 3238 nomine
801 3147 1038 3270 principis
1087 3176 1129 3236 ic
1160 3161 1368 3238 vocatus
1397 3146 1630 3285 limpidas
1672 3147 1782 3242 fun·
1846 3194 1850 3201 ·

255 3259 341 3361 uit·
360 3289 512 3384 aquas
543 3263 699 3386 ipsum
731 3259 856 3358 solus
896 3259 1147 3387 agreditur
1187 3262 1297 3355 casu
1337 3261 1533 3357 famulrs
1575 3265 1786 3360 absenti·

252 3377 352 3472 bus
379 3375 435 3472 'et
465 3376 664 3504 cuspide
695 3377 828 3470 bunc
859 3375 1119 3470 transfodit
1147 3375 1297 3471 belsia
1326 3409 1451 3479 vero
1494 3410 1557 3476 ex
1600 3379 1784 3475 seriana

21 3571 27 3631 ὴ
251 3497 317 3590 tis
348 3496 556 3594 vulnere
588 3483 740 3588 irrita'
757 3493 993 3618 (irritata)
1035 3493 1272 3588 ferociter
1313 3511 1484 3605 acutos
1524 3511 1660 3591 retor
1689 3513 1822 3593 ‘net
1895 3525 1900 3533 ·
1986 3489 1992 3502 ’

21 3634 25 3651 ,
123 3621 126 3626 Ι
252 3613 433 3706 dentes
464 3627 515 3705 et
544 3613 597 3705 in
640 3613 747 3706 sura
788 3611 932 3736 pedis
974 3611 1246 3737 percussum
1278 3611 1523 3709 iuuenem
1561 3530 1784 3711 letaliter

158 3810 160 3816 s
251 3729 413 3858 procli
442 3730 592 3852 polor
622 3728 855 3824 sauciauit
885 3728 1043 3854 sicque
1074 3729 1223 3824 hamo
1255 3730 1427 3854 (bomo)
1468 3763 1527 3828 ac
1556 3729 1663 3825 fera
1693 3762 1783 3857 pa·

222 3935 237 3948 .,
254 3851 376 3973 riter
418 3860 750 3944 corruerent..
804 3844 1001 3942 Cattulo
1046 3862 1210 3940 autem
1254 3848 1472 3974 quodam
1515 3851 1615 3974 qui
1641 3848 1778 3975 sequi

236 3963 509 4084 ‚dominum
541 3965 861 4058 consueuerat
890 3966 943 4057 in
983 3964 1491 4064 venatulaureacum
1532 3964 1780 4063 redeunte

21 4068 24 4129 ²
148 4117 152 4123 ·
253 4099 366 4178 cum
396 4077 489 4176 h'ec
519 4083 690 4175 innata
722 4080 925 4176 canibus
955 4080 1009 4176 lit
1048 4097 1222 4175 natura
1262 4099 1318 4176 ut
1359 4077 1523 4176 amisso
1567 4084 1778 4185 domino

157 4309 159 4314 ¹
255 4199 457 4308 domum
496 4200 728 4314 redeant,
770 4229 875 4291 non
913 4195 1106 4292 reducti
1149 4229 1212 4293 ex
1253 4192 1384 4327 gestu
1427 4200 1497 4293 sui
1537 4204 1777 4325 corporis}

251 4319 328 4412 Ac
359 4319 481 4410 sono
514 4319 722 4442 gutturis
754 4312 955 4440 quidam
987 4317 1243 4442 (quiddam)
1285 4316 1430 4419 triste*
1446 4319 1533 4410 suo
1566 4319 1776 4413 domino

250 4433 445 4529 lndicat
478 4433 685 4526 euenisse
720 4463 819 4558 quo
849 4430 995 4527 facile
1026 4435 1080 4526 in
1101 4433 1359 4536 horrorem
1381 4437 1773 4530 omnium'animi
1919 4547 1922 4550 ⁴

251 4563 565 4653 verterentur
629 4551 847 4645 refertim
885 4581 996 4645 cum
1042 4550 1198 4670 abesse
1244 4551 1468 4644 inclitum
1511 4552 1774 4647 cernesent

253 4666 572 4762 domicellum
664 4667 734 4762 isit
766 4698 884 4792 ergo
918 4684 1060 4797 pater
1090 4669 1264 4762 anxius
1298 4667 1535 4764 satellites
1560 4671 1674 4763 suos
1706 4668 1771 4762 ad

253 4783 558 4926 querendum
596 4786 749 4880 silium
782 4789 1160 4924 circumquaque
1199 4787 1294 4924 qui
1318 4785 1582 4924 sequentes
1632 4781 1773 4880 velli·
1846 4797 1849 4804 ’
1937 4919 1941 4927 .

248 4931 330 5032 gia
367 4901 551 4997 Cattuli
580 4901 898 5034 precedentis
927 4918 1170 5001 uenerunt
1213 4904 1300 5003 vbr
1327 4934 1552 5001 examine
1586 4933 1772 5026 corpus

22 5161 23 5172 Ν
313 5025 403 5121 Vol.
426 5023 495 5118 11.
910 5105 913 5112 .
968 5020 1144 5140 Hhh„
1467 5140 1470 5145 Ι
1564 5019 1709 5117 luuc·

1871 497 1882 587 ι
1971 633 1975 642 .
