4717 6050
625 330 1025 449 cuuonrc'on
1063 286 1614 441 cna-urrunnun.
1682 314 1792 465 'cu

325 582 420 715 tei⁸
441 580 766 683 admontenlis
802 580 1140 681 Gleunicentis
1165 546 1438 681 ‘Gerstenlis
1482 593 1539 676 et
1564 576 1842 704 Prepofitus
1978 536 2015 591 '⁸

325 700 500 800 Sancti
522 704 741 800 Floriani
768 718 823 797 ut
845 703 1024 797 dieitur
1044 701 1096 793 in
1119 700 1394 827 priuilegio.
1530 800 1547 831 t,
1823 817 1828 825 ι

449 822 520 917 Μ.
536 852 693 917 cxcv.
724 817 1015 945 Leopoldus
1039 819 1143 914 dux-
1165 817 1334 913 austrie
1361 831 1412 912 et
1435 806 1576 939 styrie
1597 811 1729 933 infra
1759 813 1851 907 cb·-

329 937 594 1035 domadam
627 938 898 1033 natiuitatis
934 935 985 1029 su
1022 968 1077 1034 er
1138 935 1314 1057 lacicm
1333 931 1580 1032 «cursitans
1614 928 1676 1024 de
1712 958 1850 1054 equo

328 1058 514 1151 corruit
535 1056 650 1151 ficut
671 1071 814 1195 pater
838 1068 889 1191 et
910 964 1218 1178 polimodum
1241 1052 1365 1172 obijt
1421 1049 1581 1147 Huius
1606 1044 1685 1141 iili'
1711 1050 1843 1171 prin·
1872 1132 1878 1139 .

317 1176 541 1301 ‘cipetum
562 1188 714 1313 patris
732 1185 1021 1383 pumuntur
1039 1202 1152 1267 nam
1185 1166 1392 1262 ducatus
1424 1165 1592 1260 austrie
1675 1158 1852 1259 rideri·-

268 1314 272 1322 “
323 1320 389 1383 co
416 1287 518 1384 filio
542 1320 647 1383 erus
672 1318 728 1383 ce
765 1290 804 1382 it
833 1301 888 1381 et
920 1284 1126 1383 ducatus
1157 1284 1283 1381 Itirie
1313 1283 1453 1379 fratri
1473 1283 1566 1396 ,Iuo
1599 1282 1841 1422 leopoldo
1952 1368 1961 1381 ,

249 1436 251 1445 ·
320 1404 428 1501 sed
464 1404 740 1500 Fridcricus
770 1418 931 1499 morte
962 1406 1221 1500 immatura
1263 1400 1539 1497 decedente
1598 1400 1844 1524 utriusque
2002 1450 2006 1459 ·

324 1524 582 1647 provincie
603 1524 922 1647 principatus.
969 1518 1237 1646 Leopoldo
1259 1519 1404 1613 cellit
1467 1514 1552 1612 Iste
1587 1546 1705 1656 ergo
1738 1513 1843 1611 leo·
1920 1524 1924 1532 '

324 1636 507 1761 poldus
530 1639 768 1735 fecundus
797 1636 1089 1733 dux-austrie
1114 1636 1242 1733 filius
1265 1633 1491 1760 leopoldi
1524 1665 1669 1759 prrmr
1702 1632 1843 1729 ducis
1884 1663 1890 1675 ·
2023 1649 2027 1657 '

327 1757 412 1892 qui
434 1754 687 1851 dicebatur
707 1770 849 1882 pater
875 1757 1032 1879 patrie
1055 1752 1197 1849 duxit
1225 1781 1429 1849 uxorem
1462 1746 1756 1848 theodoram
1789 1749 1874 1844 fn.

324 1872 450 1965 llam¹
465 1875 596 1999 regis
676 1876 780 1967 ecIe
842 1872 967 1965 Item
1002 1868 1238 1967 liernfeld
1261 1870 1524 1964 construxit
1558 1884 1611 1963 et
1641 1866 1843 1963 castrum

324 1988 581 2117 scherding
639 1988 926 2085 econlenlu
945 1986 1147 2083 ludwici
1168 1986 1249 2078 fili·
1275 1982 1645 2081 ottonisrducis
1678 1984 1841 2079 bawa·
1907 2088 1914 2099 x

293 2106 393 2199 ‚rie
454 2106 541 2200 Ille
562 2106 723 2203 dictus
747 2104 812 2200 est
846 2107 1001 2197 eciam
1033 2120 1177 2229 pater
1209 2019 1330 2197 cieri
1365 2104 1489 2229 quia,
1516 2101 1670 2195 multa
1707 2098 1843 2195 bona

321 2219 553 2343 Cenobijs
576 2239 627 2319 et
649 2221 858 2341 ecclesiis
881 2221 963 2315 dei
982 2220 1107 2316 fecit
1130 2222 1266 2315 Inter
1293 2246 1390 2345 que
1422 2218 1634 2347 nostrum
1669 2248 1839 2313 mona·

323 2338 513 2432 iterium
545 2341 608 2433 ab
638 2338 1012 2435 Advocatorum
1052 2334 1444 2461 obprellionibus
1483 2336 1715 2431 liberauit
1754 2336 1840 2431 sub

320 2450 545 2549 Rudolfo
578 2454 756 2550 abbate
787 2458 938 2551 Anno
971 2453 1161 2549 domini
1190 2453 1263 2547 M.
1277 2485 1344 2547 cc.
1355 2452 1466 2591 xvij.
1496 2454 1647 2548 Anno
1678 2454 1840 2591 primo

320 2570 511 2666 domini
529 2573 737 2693 Honorij
751 2603 881 2696 pape
894 2573 978 2697 qui
990 2570 1203 2665 luccellit
1216 2568 1419 2667 domino
1434 2600 1729 2687 innocencro
1755 2602 1840 2695 pa·
1955 2611 1959 2619 ·

321 2718 387 2814 pe
408 2690 493 2813 qui
516 2691 671 2785 eciam
693 2688 922 2782 ordinem
947 2686 1257 2805 confirmauit
1287 2686 1655 2811 predicatorum
1679 2701 1730 2781 ct
1751 2690 1838 2786 mi·

318 2812 496 2899 norum
524 2821 748 2931 tempore
764 2804 917 2897 Vlrici
946 2804 1042 2898 Hic
1055 2802 1164 2898 Leo
1203 2802 1348 2897 oldus
1364 2802 1463 2898 dux
1476 2804 1646 2898 austrie
1660 2818 1711 2899 et
1723 2804 1836 2931 Sty·
2012 2824 2016 2831 “

315 2922 903 3136 Ipile-paterclprimcpiriterpts
925 2920 976 3014 in
999 2836 1210 3132 {eppei}
1234 2919 1465 3131 Ieppllitur
1487 2936 1545 3134 cp
1559 2918 1839 3133 Eridrtergctus

369 3071 442 3132 rus
474 3071 552 3134 eru
630 3069 747 3132 ucce
785 3069 833 3130 ι,
898 3069 976 3131 em
1048 3069 1090 3132 rr
1128 3069 1288 3134 errcus
1354 3070 1419 3132 ux
1448 3071 1510 3134 au
1548 3070 1680 3134 nee
1816 3093 1839 3117 -

315 3160 387 3250 rie
420 3157 530 3249 lura
555 3071 716 3249 boltre
749 3152 948 3247 ecclesie
990 3155 1260 3292 ampliauit·
1285 3169 1336 3246 et
1373 3153 1595 3252 redditus
1633 3157 1711 3250 Ac
1749 3073 1840 3252 hb-

319 3273 477 3369 mines
509 3271 565 3364 In
609 3269 951 3394 Grauenperg,
975 3266 1116 3364 dedit
1155 3284 1207 3362 et
1241 3270 1444 3395 pensum
1487 3270 1762 3368 advocatie.
1802 3273 1837 3369 1.

318 3388 620 3484 talentorum
659 3387 717 3480 In
793 3397 1054 3509 erpetuum
1095 3386 1348 3482 relaxauit.
1430 3388 1500 3482 Vt
1539 3419 1603 3484 ex
1641 3388 1739 3483 hoc
1783 3391 1838 3487 iu

356 3503 683 3629 uadragefima
777 3502 913 3598 loces
967 3503 1191 3627 patribus
1241 3501 1567 3599 ministrentur
1635 3505 1839 3630 Insuper

319 3537 434 3720 iilia
463 3624 609 3715 xenia
640 3619 838 3714 ecclesie
868 3619 1026 3716 nostre
1058 3617 1200 3715 dedit
1269 3619 1370 3738 Qui
1399 3622 1451 3714 in
1480 3623 1641 3747 preli0
1672 3622 1838 3749 Vnga·

321 3768 487 3836 rorum
529 3739 713 3832 occisus
752 3739 903 3833 Anno
948 3738 1136 3832 domini
1178 3735 1457 3834 M.cc.xlv‘.
1505 3737 1838 3863 sepultus'est

22 3801 24 3931 ἶ
179 3869 188 3891 “
320 3857 415 3953 Hic
460 3887 569 3949 cum
608 3854 787 3948 ablue
829 3852 998 3949 liberis
1039 3853 1302 3949 decelliliet
1345 3772 1676 3952 Otbacherius
1718 3855 1836 3952 Pre-

318 3972 492 4066 mIzzel
508 3971 619 4065 Rex
643 3970 711 4063 bo
747 3989 968 4066 cruorum
992 3976 1077 4096 qui
1098 3973 1465 4095 Margaretbam
1489 3976 1706 4070 sororem
1728 3975 1835 4071 eius

314 4118 523 4183 uxorem
554 4087 727 4212 habuit
765 4087 892 4214 quali
935 4090 1081 4188 heres
1124 4103 1254 4183 terre
1297 4089 1528 4193 ducatum
1572 4085 1742 4186 austrie
1783 4107 1837 4190 et

327 4205 472 4300 Stirie
503 4203 786 4300 vendicauit
818 4205 948 4325 Quia
968 4205 1074 4332 poli
1087 4207 1127 4300 F
1128 4205 1403 4304 ridericum.
1434 4209 1694 4333 Imperium
1716 4223 1837 4306 tunc

318 4323 517 4534 lv'gpaprjt
546 4322 632 4418 Iste
675 4322 954 4418 Otacharus
985 4323 1227 4430 occiditur
1253 4356 1403 4422 anno
1445 4325 1635 4422 domini
1674 4324 1840 4440 M.cc.1

305 4529 307 4536 .
404 4467 497 4531 vn.

437 4471 511 4648 bi.
525 4585 595 4646 cc>
604 4553 669 4650 lx.
709 4553 960 4652 Rudolsus
983 4565 1150 4652 comes
1177 4555 1242 4653 de
1265 4539 1526 4687 Hablburg
1545 4559 1756 4690 Eligitur
1777 4559 1832 4658 in

309 4699 487 4799 regem
520 4701 842 4778 romanorum
904 4675 1005 4797 Qui
1032 4681 1261 4804 pugnans
1293 4707 1403 4773 cum
1436 4677 1724 4777 Otahakero
1756 4681 1829 4777 vi·

1703 4799 1771 4891 cit
