4717 6050
456 470 460 479 .
580 482 658 563 „2
870 486 874 505 ·
1077 430 1614 568 suuntur,

530 692 624 767 rex
646 654 709 755 ad
729 651 910 754 caudas
934 680 1186 781 equorum.
1203 683 1299 777 per
1316 656 1568 752 ciuitatem
1586 652 1718 770 fuam
1728 664 1958 771 traxerat
1976 654 2049 754 vl·

536 781 660 875 timo
687 772 878 870 catenis
903 770 1076 867 ferreis
1106 768 1168 864 ad
1201 802 1460 867 commune
1481 771 1771 913 patibulum
1791 774 2050 901 suspeude-

534 910 623 991 rat.
700 890 900 988 uofflam
932 892 1079 985 etiam
1114 890 1166 983 in
1189 890 1402 985 turribus
1427 892 1521 985 suis
1546 892 1761 988 Wienne
1785 892 2049 990 comburre-

532 1029 625 1110 rat.
658 926 783 1107 iiiios
818 1038 939 1107 vero
971 1006 1342 1107 Decollauerat.
1381 1007 1599 1135 taliaque
1634 1024 1684 1104 et
1706 1008 1873 1103 bmilia
1894 1008 2051 1105 multa

532 1132 636 1343 {iii
670 1144 724 1343 {t
739 1119 2051 1352 ibiibi&'¹'iiiii‘iiiiiiirui'iiiffieiiiiesii

534 1320 830 1463 Morauiam.
854 1278 1087 1459 austriaii.
1113 1276 1311 1457 §titiam
1332 1362 1594 1457 intrabant
1619 1375 1670 1456 et
1731 1362 1901 1485 ammis
1925 1276 2075 1488 iapi:

536 1487 616 1578 nis
640 1484 857 1579 virorum
881 1511 938 1574 ac
960 1479 1219 1577 mulierum
1237 1509 1504 1603 puerorum
1553 1509 1730 1605 uoque.
1750 1479 1890 1591 vltra.
1913 1482 2063 1575 emi·-

536 1601 606 1695 lia
629 1596 955 1694 Deducentes
980 1596 1043 1691 ad
1066 1598 1397 1737 paganismum
1422 1512 1702 1697 exuiabant
1770 1596 1876 1735 Ipse
1906 1598 2056 1693 etiam

537 1720 588 1813 in
626 1728 863 1843 quantum
900 1717 1076 1841 potuit.
1109 1747 1180 1809 ers
1209 1717 1368 1809 vicem
1392 1710 1621 1809 reddidit
1654 1730 1707 1809 et
1724 1712 1783 1808 iic
1806 1745 1858 1807 1n
1879 1745 1941 1809 eo
1968 1715 2056 1809 im

432 1864 435 1875 ·
575 1835 729 1932 letum
753 1832 817 1929 est
842 1833 1046 1927 verbum
1069 1834 1329 1959 prophete.
1345 1830 1588 1928 'dicentis
1619 1830 1758 1945 Sicut
1778 1828 1931 1927 fecisti
1952 1832 2057 1950 aliis

536 1866 624 2049 bet
656 1951 748 2047 tibi
780 1948 1047 2045 retribucio
1081 1964 1183 2045 tua.
1212 1948 1514 2055 retribuetur
1546 1950 1651 2043 tibi.
1730 1948 1877 2045 Nunc
1908 1950 2056 2081 igitur

536 2068 676 2199 quod
716 2066 993 2190 incepimus
1037 2066 1359 2191 perficiamus.
1408 2062 1521 2171 Rex
1551 2068 1701 2204 igitur
1729 2066 1959 2206 Vngarie.
2002 2078 2057 2165 vt

541 2242 542 2245 κ
575 2198 816 2282 retectum
848 2183 928 2277 est.
958 2214 1071 2284 cum
1095 2184 1190 2278 suis
1214 2186 1414 2397 sumptis
1438 2185 1615 2311 spolils.
1644 2199 1695 2279 et
1719 2185 1943 2310 captiuis.
1966 2210 2057 2311 per

286 2370 301 2397 ·.
412 2404 424 2429 N
587 2303 832 2401 ohemiam
852 2329 1072 2396 remeare
1096 2332 1323 2428 propone
1362 2316 1424 2397 at.
1483 2300 1586 2397 Sed
1607 2292 1951 2397 Romanorum
1969 2326 2058 2402 rex

536 2420 824 2527 nullatenus
883 2418 1069 2513 ermifit.
1092 2432 1343 2547 tamquam
1356 2419 1508 2515 homo
1522 2420 1657 2560 pacis
1670 2435 1873 2516 amator.
1903 2418 2057 2547 fiper·

433 2575 443 2585 ·
538 2545 828 2664 mitteretur.
911 2567 937 2630 e
963 2534 1203 2631 christiani
1226 2534 1621 2661 perB0hem1am
1634 2534 1874 2667 degentes
1896 2568 2058 2633 coma·

538 2685 718 2775 norum
738 2652 1097 2777 rabie-prorsus
1119 2652 1434 2747 inficerentur
1458 2685 1516 2748 ac
1541 2653 1909 2752 destruerentur.
1933 2650 2057 2766 Jetnc

537 2770 605 2897 ad
639 2772 841 2899 propria
869 2770 979 2863 sunt
1008 2766 1199 2863 reuerfi.
1278 2768 1529 2865 Rudolfus
1573 2802 1693 2867 vero
1739 2778 2057 2874 romanorum

537 2918 641 2987 rex.
664 2888 935 2985 morauiam
956 2888 1107 2981 intrat
1131 2915 1241 2980 cum
1254 2884 1338 2980 suo
1354 2892 1587 2984 exercitu.
1614 2921 1761 3014 quam
1780 2922 1872 3017 per
1893 2890 2059 2987 omnia
2134 2960 2136 2964 .

540 3010 626 3105 fibi
662 3004 800 3100 subiu
835 3004 949 3098 auit.
1028 3000 1153 3099 Cum
1180 3019 1344 3100 autem
1367 3006 1531 3104 versus
1555 3006 1763 3138 Pragam
1789 3008 1944 3106 vellet
1965 3014 2059 3104 iter

540 3123 773 3250 arripere.
802 3031 1001 3218 illustris
1024 3122 1152 3237 Otto
1173 3123 1390 3219 marchio
1406 3122 1468 3219 de
1480 3124 1823 3264 prandwurch.
1855 3127 1942 3254 qui
1953 3123 2060 3254 poli

541 3235 734 3340 obitum
767 3239 1002 3336 auunculi
1032 3239 1102 3334 sui
1130 3242 1260 3366 regis
1293 3239 1550 3339 Bohemre.
1583 3244 1817 3340 ciuitates·
1834 3257 1887 3337 et
1909 3243 2058 3340 castra

442 3395 444 3402 ’
540 3361 595 3457 in
608 3385 763 3497 regno
784 3357 1027 3458 Bohemie
1048 3357 1302 3496 thesaurps
1356 3392 1521 3501 uoque
1544 3358 1687 3486 ipius
1700 3363 1829 3490 regis
1844 3362 2059 3487 arripue-
2108 3391 2112 3399 “

394 3514 398 3524 ·
540 3489 642 3594 rat,
670 3507 722 3572 e1
754 3472 961 3569 reiistere
991 3473 1254 3571 nitebatur.
1370 3495 1594 3574 ementes
1618 3509 1736 3607 ergo
1760 3477 1920 3591 ambo.
1946 3510 2059 3580 cum

541 3589 636 3691 suis
651 3593 947 3688 exercitibus
968 3586 1244 3688 fortissimis.
1271 3609 1323 3690 et
1343 3598 1532 3734 ingenti
1551 3628 1580 3691 a
1652 3610 1792 3707 aratu
1812 3626 2060 3696 armorum

416 3827 420 3838 .
541 3714 708 3840 vique
724 3709 790 3803 ad
826 3709 1088 3804 coloniam.
1119 3712 1366 3848 (Coliuum)
1394 3729 1525 3808 iuxta
1604 3629 1767 3809 lbiam.
1799 3713 2058 3812 medianti-

539 3831 634 3926 bus
659 3828 962 3956 principibus
985 3857 1041 3920 ac
1065 3826 1170 3946 aliJs
1193 3825 1443 3949 nobilibus
1466 3831 1646 3929 multis.
1670 3835 1800 3960 inter
1822 3862 1911 3928 eos
1931 3863 2057 3972 pace

539 3949 821 4042 reformata.
846 3941 931 4038 sub
954 3943 1046 4037 hac
1069 3940 1376 4042 condicionis
1399 3947 1572 4044 forma.
1595 3949 2059 4053 amicabiliterl'nter

540 4067 591 4158 fe
613 4074 968 4160 conuenerunt.
998 4057 1134 4185 quod
1158 4060 1366 4158 relictus
1383 4067 1581 4162 quenis
1604 4063 1732 4160 filius
1750 4071 1880 4193 regis
1893 4066 2057 4165 Bobe-

458 4249 460 4254 ,
534 4182 654 4276 ¹mie.
692 4182 774 4308 pie
808 4175 1190 4273 recordacionis.
1230 4177 1378 4277 filiam
1421 4183 1556 4310 regis
1588 4213 1904 4280 romanorum
1943 4185 2062 4294 ficut

544 4295 665 4418 oiim
702 4311 844 4422 patre
867 4297 1067 4391 viuente
1101 4295 1587 4407 adhucordinatum
1610 4301 1784 4399 fuerat.
1814 4304 2056 4446 legittime

358 4526 364 4536 ¹
542 4413 749 4512 duceret
760 4417 811 4509 in
822 4444 1038 4533 uxorem.
1059 4411 1197 4510 fratri
1217 4446 1337 4511 vero
1358 4419 1651 4514 marchionis
1671 4419 1883 4544 predictr
1908 4424 2055 4518 etiam
2080 4523 2085 4531 ,

540 4531 643 4647 iilia
672 4566 728 4630 re
762 4535 804 4627 is
837 4561 1178 4642 romanorum.
1198 4533 1384 4632 ibidem
1403 4537 1753 4662 Desponsatur.
1777 4537 1958 4668 Sicque
1980 4569 2055 4633 re·

727 4564 983 4753 bohemie.
1017 4666 1070 4744 et
1104 4683 1229 4776 puer
1259 4651 1703 4795 iuuenis'regulus.
1737 4656 1880 4781 super
1910 4655 2057 4753 fidem

579 4678 694 4748 num

538 4681 687 4878 ¹fuam.
711 4765 993 4866 Marchioni
1016 4765 1079 4866 est
1101 4769 1386 4869 commiffus.
1408 4771 1557 4903 Regi
1588 4802 1706 4872 vero
1740 4783 2057 4874 romanorum
2080 4857 2100 4879 .

1880 4893 1994 4994 Mo·
