4717 6050
531 542 534 550 ,
625 478 701 553 ‚34
885 394 1737 522 u.snnnnnn1no'a1cr''
1816 547 1821 558 ι
1942 424 1984 447 ”

578 659 715 754 nium
744 648 1100 778 phylipporum
1132 608 1438 770 augustorum
1478 639 1563 766 qui
1579 636 1738 853 primi
1765 636 2090 772 imperatores

583 771 819 873 clrrisliani
861 766 993 861 facti.
1037 759 1293 856 videlicet.
1308 774 1451 885 pater
1492 772 1543 852 et
1616 759 1722 852 hus.
1764 771 1815 852 et
1853 758 2089 853 secundus

580 894 707 989 lilius
736 888 912 981 beatus
945 880 1194 1003 Quirinus.
1234 876 1584 1003 patrimonium
1612 876 1748 969 suum
1774 889 1951 970 totum.
1990 876 2091 969 san·

447 1060 453 1067 ·
583 1026 661 1107 cte
692 998 1009 1102 Laureacensr
1042 994 1247 1093 ecclesie
1293 994 1618 1089 donauerunt.
1657 1024 1716 1087 ac
1738 990 1871 1086 dein
1904 1022 2092 1106 romam

581 1128 841 1262 venientes
870 1114 1332 1213 onmestlresauros
1361 1116 1592 1237 proprios
1640 1141 1697 1203 ac
1727 1110 1980 1249 thesauros
2021 1112 2096 1203 rei

459 1372 463 1379 ·
581 1228 2094 1489 {risissesss‘ioii'lllussisidislislilsss‘clssrlil

582 1478 697 1577 re'nt
727 1489 777 1569 et
836 1470 1108 1568 ollelliones
1139 1464 1224 1561 libi
1255 1480 1306 1559 et
1330 1466 1520 1560 clericis
1551 1478 1895 1591 compararent
1925 1461 1987 1557 ad
2007 1462 2096 1556 ho·
2159 1523 2164 1535 .

586 1625 762 1693 norem
793 1506 981 1685 sumini
1009 1584 1159 1681 nollri
1188 1584 1288 1678 iesu
1319 1580 1487 1676 christi.
1546 1582 1649 1679 Sed
1683 1583 1909 1710 nequiuit
1933 1572 2094 1677 Decio

588 1714 749 1809 cesare
791 1710 850 1803 src
892 1702 1140 1799 laudabile
1182 1698 1496 1827 propositum.
1536 1702 1670 1795 suasu
1705 1698 1893 1795 diaboli
1922 1724 2093 1825 prepe-

589 1830 757 1925 diente
790 1824 852 1919 de
881 1820 1083 1918 consilio
1116 1819 1394 1913 senatorum
1424 1834 1476 1911 et
1502 1820 1756 1911 consulum
1790 1817 1923 1911 vrbis
1947 1844 2095 1912 rome
2136 1906 2142 1916 ,

590 1944 902 2073 cupientibus
943 1938 1195 2031 thesauros
1237 1934 1449 2049 eoelestis
1489 1934 1674 2062 sparsos
1713 1933 1779 2027 ad
1808 1966 1913 2029 rem
1941 1932 2097 2069 pulrli·

396 2086 400 2093 ·
571 2089 696 2161 ‘cam
727 2076 983 2155 reuocare.¹
998 2054 1289 2181 Philippum
1312 2052 1552 2146 seniorem
1574 2081 1782 2147 verone.
1808 2049 1966 2149 silium
1996 2078 2097 2142 erus

320 3192 326 3204 .
422 3225 427 3236 ἱ
599 3147 777 3254 norum
805 3145 1054 3242 qurpnnn
1086 3113 1233 3210 sidem
1258 3117 1344 3213 kat

591 2184 799 2277 alterum
829 2175 1107 2363 philippum
1136 2200 1276 2265 rome
1306 2200 1403 2264 vna
1427 2170 1552 2264 hora
1578 2168 1880 2265 interficiunt
1908 2163 2100 2261 standu-

591 2301 754 2395 lenter
785 2327 842 2389 ac
869 2291 1220 2429 'lub'equenter
1247 2288 1450 2382 beatum
1479 2290 1671 2416 syxtum
1700 2317 1893 2413 papam.
1927 2285 2099 2381 eteius

596 2412 867 2512 cardinales
894 2408 1238 2503 ’Felicrffimum
1270 2420 1320 2500 et
1352 2407 1599 2533 agapitum
1631 2439 1687 2499 ac
1712 2409 1763 2499 in
1787 2405 1884 2501 line
1907 2405 2103 2500 beatum

594 2531 936 2631 Laurencinm.
968 2523 1387 2620 Archidiaconum
1417 2524 1552 2618 vrbis
1585 2552 1722 2617 rome
1754 2526 2006 2647 capientes
2035 2517 2102 2611 di·

596 2650 741 2745 ners1s
791 2646 935 2770 penis
983 2642 1195 2738 alllictos
1245 2639 1426 2735 eisdem
1471 2637 1684 2737 diuersas
1725 2640 1947 2769 martyrii
1987 2636 2104 2733 dant

563 2794 825 2864 coronas.
1738 2840 1741 2843 ,

716 2882 861 2977 anc
893 2880 1034 2974 restat
1066 2878 1238 2975 uidere
1302 2895 1503 2980 uantum
1530 2878 1683 2978 'fuerit
1714 2880 1777 2975 de
1811 2878 2105 3007 patrimonio

527 3074 533 3088 .
600 3002 860 3132 beatorum
876 2995 1159 3137 principum
1194 2912 1532 3212 philipporum
1564 3002 1916 3126 imperatorum
1952 3026 2106 3132 roma·

1382 3119 1558 3212 olrcam
1591 3132 1898 3243 receperunt
1957 3115 2109 3210 Patu-

599 3265 833 3343 monrum¹
854 3230 1088 3358 squidem
1120 3235 1331 3360 ipsorum
1373 3234 1525 3331 habet
1555 3237 1724 3332 valnas
1756 3235 1850 3329 siue
1887 3233 2112 3328 'foliatum

509 3411 520 3424 -
599 3351 864 3482 Syllatium
897 3350 1085 3478 quoda
1101 3354 1228 3443 mari
1251 3349 1614 3446 mediterraneo
1646 3383 1735 3475 per
1767 3353 2029 3445 liburniam
2063 3359 2113 3452 et

599 3470 903 3596 pannoniam
925 3465 1152 3562 diuidens
1168 3467 1301 3592 'ipsas
1313 3471 1592 3596 pannonias
1614 3483 1665 3561 et
1687 3467 1852 3563 mesras
1876 3498 2033 3593 vsque
2049 3457 2112 3556 ad

600 3617 736 3681 mare
757 3614 1015 3680 oceanum.
1034 3616 1129 3710 ,per
1151 3586 1313 3681 lacurn
1337 3584 1598 3710 pelschidis
1625 3589 1773 3680 currit
1802 3602 1945 3681 notat
1965 3581 2111 3708 patri·

598 3707 820 3798 monium
854 3703 1205 3833 philipporum.
1259 3701 1347 3798 ,Ab
1385 3702 1643 3798 occidente
1677 3733 1797 3798 vero
1828 3706 2011 3830 flumen
2038 3699 2111 3826 ly·

601 3851 718 3917 coas
739 3851 887 3947 quem
906 3823 1125 3945 germani
1139 3821 1308 3948 lycum
1323 3818 1416 3915 srue
1432 3820 1546 3915 lech
1560 3852 1621 3947 ap
1661 3823 1826 3914 ellant.
1848 3835 1899 3915 et
1911 3850 2000 3946 per
2016 3846 2110 3910 me·

512 3979 516 3986 ’
600 3937 686 4034 lias
710 3935 1046 4033 occidentales
1059 3969 1253 4064 napam.
1276 3936 1474 4031 ekaram
1495 3954 1546 4032 et
1567 3853 1737 4034 osiam
1757 3939 1970 4032 flumina.
1994 3962 2110 4061 quas

600 4054 828 4181 vvlgares
852 4053 1115 4150 insidentes
1133 4055 1327 4149 eisdem
1348 4055 1461 4148 nab.
1489 4087 1574 4183 egr
1607 4071 1657 4152 et
1693 4053 1864 4150 odram
1893 4052 2112 4181 'appella-

600 4201 727 4266 vere.
750 4174 797 4266 A
817 4168 1020 4266 meridie
1042 4201 1162 4267 uero
1185 4171 1446 4266 liburniam
1469 4205 1615 4297 quam
1636 4173 1787 4266 draua
1806 4175 1989 4267 flumen
2010 4197 2113 4294 per·

604 4291 754 4384 currit
776 4320 804 4383 a
823 4288 1011 4383 'fontes
1051 4319 1167 4383 caos
1202 4288 1349 4416 vsque
1374 4290 1558 4384 ualuas.
1591 4291 1653 4385 ab
1688 4324 1717 4385 a
1753 4291 1921 4385 uilone
1956 4303 2116 4382 avtem

599 4403 869 4504 wandalus,
899 4321 1049 4532 pelis
1056 4407 1191 4504 lacus
1215 4421 1266 4500 et
1296 4405 1438 4536 Tyza
1460 4409 1654 4503 flumen.
1775 4407 1850 4502 sta
1881 4409 2011 4502 hanc
2034 4433 2115 4532 pa·

600 4526 742 4617 triam
755 4524 1053 4619 Liburniam.
1078 4523 1401 4618 excollentes.
1421 4555 1512 4649 per
1531 4526 1620 4620 has
1642 4526 1865 4622 ciuitates
1887 4526 2116 4618 flamines

405 4725 425 4750 ,
597 4655 654 4734 et
679 4657 779 4734 tem
819 4672 904 4734 ore
931 4643 1029 4734 iesu
1054 4639 1222 4738 christi
1248 4673 1275 4736 e
1313 4641 1463 4769 iscopi
1485 4641 1816 4738 successerunt.
1843 4645 1930 4767 qui
1949 4666 2118 4736 omnes

596 4674 970 4883 protholamini
995 4791 1050 4854 ac
1080 4756 1262 4856 deinde
1277 4673 1582 4858 iaureacensi
1615 4761 1986 4973 archiepiscfopo
2020 4754 2120 4968 sitib-

1699 4953 1703 4958 ‚
1891 4907 2044 4974 uerun
