4717 6050
468 464 472 471 ·
617 426 695 523 456
967 404 1775 495 VLSCHRIT'OVIM-

568 632 623 727 in
663 606 831 749 regem
874 618 1097 715 Franciae
1128 614 1323 737 (eiectis
1356 609 1639 705 haeredibus
1668 610 1832 825 regni)
1865 640 1973 709 cum
1997 645 2102 713 arr.
2139 596 2150 607 ’

571 762 656 841 tea
695 740 850 833 solum
891 736 1050 831 maior
1090 731 1267 825 domus
1308 729 1536 825 extitisset
1582 728 1719 823 Dein
1757 764 1784 825 e
1819 728 2098 845 saxoniam

571 864 748 971 intrat,
779 869 830 950 et
864 854 1017 980 ipsam
1046 849 1183 943 bello
1217 846 1431 963 vastans,
1462 862 1515 941 et
1543 844 1767 971 sequenti
1797 848 2098 948 Vasconiam

571 974 800 1088 inuadit,
901 968 1112 1066 Sanctus
1148 966 1418 1060 Othmarus
1453 965 1712 1088 emigrauit
1754 963 1818 1058 ad
1848 964 2100 1065 Christum·

467 1096 486 1153 ’-
572 1092 787 1191 similiter
827 1088 1040 1185 Ioannes
1083 1081 1466 1207 Saltzburgensrs
1509 1080 1672 1204 episco
1710 1113 1767 1175 us
1819 1086 1897 1176 cui
1928 1086 2096 1181 succe·

266 1308 273 1323 ,
573 1210 647 1305 dit
691 1207 926 1333 Virgilius
979 1200 1085 1328 Ipse
1128 1230 1329 1326 quoque
1369 1198 1633 1294 Antelinus
1729 1188 1830 1316 biit
1874 1202 1932 1295 V.
1974 1187 2095 1299 idus

637 1327 757 1420 arti'.

574 1328 634 1427 M
692 1358 934 1539 Biscarius
970 1420 1287 1575 (Wpscarius)
1321 1431 1644 1557 Archiepisco
1712 1464 1734 1526 s
1770 1432 2007 1530 Laureaci
2035 1450 2096 1532 et

573 1558 774 1660 Patauis
807 1552 931 1650 sedit
964 1583 1106 1647 amus
1129 1554 1194 1649 ix.
1229 1580 1362 1645 anno
1399 1548 1588 1644 domini
1667 1548 1906 1646 chxv.
1987 1554 2103 1647 Eo·

574 1678 689 1771 dem
723 1704 856 1771 anno
887 1668 1043 1765 Odilo
1080 1668 1182 1767 dux¹
1211 1667 1421 1763 Bauarie
1447 1669 1570 1788 obijt
1659 1665 1881 1793 Corpora
1902 1670 2104 1765 sancto·

572 1826 685 1893 rum
716 1790 932 1887 Naboris
977 1786 1238 1994 Gorgonip'l
1259 1782 1450 1918 Nazarij
1485 1788 1537 1880 in
1572 1784 1828 1903 Franciam
1861 1783 2107 1881 deserun-

574 1927 667 2005 tur.
759 1908 918 2001 Huius
939 1918 1040 1997 tem
1077 1933 1161 1996 ore
1238 1900 1426 2027 irgilius
1456 1903 1713 2027 episcopus
1744 1901 2096 2031 Saltzburgen·

573 2028 630 2125 sis
670 2027 883 2152 primum
909 2045 1021 2113 'con
1044 2034 1238 2113 ecratur
1279 2032 1332 2112 et
1369 2019 1616 2114 ecclesiam
1660 2020 1813 2113 saneti
1851 2018 2096 2147 Ruperti,

611 2176 688 2238 uae
731 2139 883 2237 modo
927 2136 1065 2231 sedes
1113 2135 1406 2261 episcopalis
1447 2136 1512 2231 esi
1554 2134 1828 2230 construere
1873 2140 2028 2276 cepit,

575 2176 760 2360 deinde
801 2254 986 2351 Tassrlo
1033 2252 1135 2349 dux
1179 2252 1394 2347 Boiariae
1438 2252 1739 2348 Carinthiam
1782 2253 1995 2370 subiicrt‚
2034 2272 2096 2351 et

575 2380 753 2497 Romae
795 2372 1063 2472 filiuseius
1106 2370 1329 2465 Theodo
1372 2371 1435 2465 ab
1468 2372 1727 2465 Hadriano
1759 2370 1896 2493 Papa
1932 2372 2095 2497 bapti·

437 2600 442 2608 .
576 2512 715 2597 zatus
749 2491 840 2607 est,
881 2491 983 2611 Qui
1024 2486 1278 2583 Adrianus
1315 2487 1630 2612 tyrannidem
1675 2485 1921 2609 Defiderij
1959 2492 2097 2615 regis

576 2607 1024 2739 Longobardorum
1067 2606 1236 2698 omnia
1277 2607 1297 2726 (
1310 2613 1379 2698 ita
1416 2608 1599 2729 Codex)
1629 2604 1821 2720 serens,
1861 2609 2096 2729 precibus

443 2827 447 2836 ,
491 2760 495 2765 ·
578 2730 757 2831 studuit
789 2727 999 2820 inuitare
1035 2720 1269 2816 Carosum
1300 2751 1468 2844 regem
1492 2724 1816 2816 Francorum.
1847 2738 2105 2849 quatenus
2169 2736 2177 2743 ’

579 2847 831 2945 ecclesiam
874 2840 976 2934 Dei
1019 2840 1281 2954 liberaret,
1312 2842 1397 2963 qui
1431 2842 1639 2934 veniens
1672 2838 1978 2935 Desiderium
2013 2872 2095 2937 re·

577 2993 692 3094 gem
710 2962 878 3086 Papiae
904 2954 1125 3072 obsedit,
1146 2971 1197 3050 et
1217 2954 1371 3080 ipsum
1397 2987 1507 3050 cum
1532 2957 1756 3052 uxorein
1784 2955 2090 3056 deditionem

579 3082 804 3220 accepit,
834 3079 958 3171 etin
980 3076 1237 3168 Fra-nciam
1260 3073 1406 3190 misit,
1431 3077 1636 3170 veniens
1696 3105 1858 3200 uoque
1878 3075 2091 3172 Romam

473 3305 478 3314 ,
580 3189 1205 3295 ommareddiditecclestae
1236 3223 1347 3316 quae
1366 3194 1637 3319 paterinus
1689 3194 1853 3317 ipinus
1871 3191 2076 3289 dederat

577 3316 824 3412 adiunctis
844 3309 1104 3405 ducatibus
1125 3309 1403 3436 Spoletano
1424 3323 1477 3404 et
1495 3308 1859 3405 Beneuentano
1878 3311 1941 3405 ad
1955 3267 2103 3438 quod

580 3449 631 3529 et
662 3431 904 3527 Patricius
943 3426 1128 3520 Rornae
1154 3428 1461 3524 acclamatur.
1532 3425 1761 3522 Bistarius
1786 3427 1911 3551 obijt
1927 3431 1971 3552 ij.
1999 3429 2100 3525 Ca·-

576 3549 754 3647 leudas
776 3544 917 3666 Maii..
981 3543 1099 3638 Asia
1123 3543 1270 3639 litera
1288 3542 1441 3640 habet
1464 3543 1709 3640 Wiswich.
1759 3633 1765 3643 ,
2026 3619 2031 3626 .

665 3665 987 3762 'Basdericus
1035 3660 1335 3788 archiepisco
1355 3694 1438 3774 us
1474 3660 1820 3757 Laureaeensss
1864 3677 1920 3758 et
1948 3663 2099 3760 Pata·

425 3829 431 3840 ¹
579 3788 654 3880 uis
690 3781 813 3878 sedit
847 3783 988 3876 annis
1020 3811 1150 3891 xxx,
1176 3809 1309 3871 anno
1393 3781 1551 3874 omini·
1579 3779 1870 3878 DCCLXV.
1900 3797 2000 3877 tem
2037 3815 2096 3878 o·

577 3904 712 3998 ribus
744 3898 953 3994 Adriani
984 3897 1139 4023 Papae
1171 3912 1223 3990 et
1241 3895 1507 4033 ssassilonis
1544 3895 1681 3992 ducis
1703 3898 1930 3994 Boiariae.
1989 3815 2095 4020 6ιή1

579 4013 762 4115 Tassilo
786 4017 832 4108 se
870 4031 977 4110 tem
998 4011 1289 4109 monastena
1306 4013 1520 4108 celebria
1544 4014 1798 4132 fundauit,
1825 4019 1960 4110 Inter
1981 4049 2094 4159 quae·

577 4137 686 4273 sunt
716 4049 919 4271 Maniae
964 4149 1015 4229 et
1046 4130 1462 4272 Chremsmunster
1501 4147 1553 4225 et
1583 4131 1771 4228 Carolo
1795 4133 2096 4262 Homagrum
2309 4158 2316 4211 -·

579 4250 844 4369 fecrt‚‚sed
872 4251 971 4376 rpse
1002 4281 1090 4346 rex
1127 4249 1295 4374 postea
1322 4249 1476 4373 ipsum
1505 4247 1805 4348 Taslilonem
1833 4251 2092 4349 detonsum
2218 4364 2222 4370 ⁵
2313 4330 2317 4339 .

374 4449 378 4458 .
465 4379 471 4382 ’
580 4384 632 4478 et
658 4381 898 4465 enecatum
923 4367 1120 4463 detrusrt
1148 4368 1206 4460 in.
1232 4365 1573 4460 monasterium
1604 4401 1713 4464 cum
1738 4369 1845 4466 silio
1859 4370 1949 4463 suo.
1965 4371 2095 4466 Dio·

578 4487 765 4602 thone,
784 4484 908 4699 guia
939 4482 1401 4624 cum3l'ongobardis
1420 4501 1500 4623 et
1521 4482 1728 4616 Vngaris
1757 4491 1992 4625 inuentus
2025 4486 2092 4582 est

580 4617 753 4698 contra
825 4605 1019 4697 arolum·
1051 4601 1562 4718 runxrssecousortra,
1592 4611 1814 4731 quamuis
1849 4629 2122 4724 erussmat

572 4733 769 4823 testera
809 4722 1011 4848 garritus
1045 4719 1332 4839 mundet„
1373 4719 1440 4817 Et
1471 4753 1549 4818 ex
1579 4739 1699 4830 tunc
1730 4726 1911 4821 Franci
1919 4781 1923 4787 -
1939 4753 2095 4860 xrrruu
