4717 6050
729 454 731 459 '
823 428 1349 545 onscvua.
1520 452 1842 572 ‘'3„5.

394 666 467 763 M.
479 662 580 759 lxx.
620 661 745 759 ouo
777 660 877 759 dux
907 637 1122 761 bawarie
1155 670 1260 795 regi
1294 637 1544 764 Heinrico.
1587 679 1665 795 qui
1695 679 1797 768 eiua

252 780 413 914 filiam
445 788 579 899 drmit
612 779 835 877 rebellat.
893 787 981 877 Hic
1003 788 1230 879 abbatiam
1251 789 1536 911 Altalreusem
1556 792 1790 930 abeodem
1941 869 1943 874 .
1982 812 1989 820 '

269 920 458 1115 accep&
471 1013 621 1111 lxxii.
672 1011 849 1156 §Velio
889 1014 991 1111 dux
1032 1016 1247 1117 bavarie.
1281 1017 1554 1123 2Rudolfus
1596 1020 1790 1118 sweuie.

269 1133 535 1233 Pertoldus
617 1134 843 1228 arrnthre.
882 1132 1034 1238 duces
1066 1138 1325 1231 coniurant
1357 1136 1587 1234 aduersus
1619 1168 1790 1269 regem

269 1249 576 1373 Heinricurn.
792 1290 793 1295 Ν
1367 1280 1381 1300 =·

384 1366 676 1484 M.c.xviiij.
729 1364 901 1463 Welfo
926 1364 1025 1471 dux
1048 1370 1266 1465 bawarie
1289 1369 1345 1467 L.
1368 1401 1500 1468 anno
1534 1373 1604 1467 sui
1638 1371 1788 1467 duca·
1889 1470 1892 1479 ,
1969 1475 1973 1483 ,
2114 1461 2117 1477 .

268 1500 349 1583 tus
372 1488 506 1607 obijt.
566 1487 829 1581 Heinricus
852 1488 899 1580 ei
921 1483 1074 1583 frater
1095 1490 1319 1583 successit.

382 1602 454 1697 M.
469 1633 507 1696 c.
521 1603 664 1723 xxvij.
704 1602 1088 1719 Heinricusdux
1109 1605 1324 1702 bawarie
1350 1607 1486 1704 obiit.
1514 1620 1564 1701 ct
1588 1606 1784 1702 Heinri·
1822 1684 1825 1688 .
1897 1661 1902 1668 ·
1998 1620 2008 1631 “

266 1750 353 1815 cus
373 1718 501 1813 filius
525 1720 630 1813 eius
654 1719 700 1813 ei
724 1719 950 1815 succedit.

385 1836 457 1930 M.
470 1868 508 1931 c.
522 1836 742 1934 xxxviiii.
785 1838 1047 1933 Heinricus
1082 1839 1180 1933 dux
1212 1840 1428 1939 bawarie
1465 1841 1602 1937 obiit.
1645 1874 1784 1966 regno

259 1958 457 2078 pellitur.
482 1974 528 2048 et
549 1960 644 2051 Leo
674 1958 801 2047 oldus
818 1959 1015 2075 morelio
1035 1961 1200 2078 austrie
1203 1966 1419 2078 stacoedit.

378 2070 451 2165 M.
464 2101 503 2164 c.
518 2070 583 2164 xl.
675 2078 866 2163 einricus
886 2077 933 2164 in
937 2077 1142 2194 saxonia
1167 2082 1286 2169 obiit.

229 2218 233 2224 ·
378 2186 452 2281 Μ.
468 2186 653 2279 cxlvii.
694 2186 985 2311 Levpoldus
1009 2187 1108 2281 dux
1133 2191 1347 2286 bawarie
1370 2191 1506 2285 obiit.
1538 2188 1782 2285 cuiHein·

261 2305 390 2396 ricus
417 2300 570 2393 frater
597 2302 702 2397 eius
725 2300 1146 2415 Marchioaustrie
1171 2305 1400 2425 succedit.
1429 2306 1515 2402 sub
1538 2308 1781 2402 Innocen·
1988 2272 1993 2299 ⁸

263 2450 345 2521 elo
368 2447 586 2629 iillpiiii.
623 2535 899 2653 ‚chunradus
929 2572 1016 2632 ren
1045 2542 1163 2633 obiit.
1194 2559 1241 2659 et
1263 2486 1517 2635 Fridericus
1529 2534 1780 2662 fratruelic
1934 2484 1939 2499 ·
2038 2652 2043 2673 Ι

261 2657 357 2745 eiua
381 2657 571 2775 elegitur.
588 2656 676 2771 fich
702 2660 880 2773 eugenio
897 2690 1034 2797 papa.
1072 2677 1117 2747 et
1153 2660 1382 2750 Clronrodo
1405 2665 1659 2781 patnuierfi
1689 2664 1778 2780 epi·
1938 2749 1944 2772 ,

243 2775 398 2892 stopo.
474 2768 563 2887 Iste
601 2770 866 2862 Fridericur.
894 2806 922 2863 r.
956 2779 1186 2865 reuocauit
1212 2777 1469 2868 Heinricum
1502 2778 1654 2867 ducem
1688 2808 1778 2868 wa·

185 2968 187 2973 ,
258 2891 399 2979 warie
419 2888 476 2977 de
482 2890 699 3004 saxonia.
713 2888 889 3003 scilicet
892 2892 1044 3007 filium
1066 2891 1267 2981 Heinrici
1307 2895 1385 3013 qui
1413 2898 1461 2984 in
1478 2897 1682 3011 saxonia
1713 2892 1777 3011 est

258 3002 507 3125 defunctas.
545 3018 591 3094 et
627 3005 884 3095 Heinricum
919 3010 1280 3127 consanguineum
1298 3010 1630 3131 stoumscilicet
1648 3014 1777 3130 soro·

258 3127 373 3214 rium
410 3124 511 3212 avie
524 3122 613 3237 stae
652 3125 724 3209 cui
751 3127 1009 3224 wawmiam
1042 3129 1290 3216 contulerat
1325 3158 1422 3217 curn
1452 3127 1778 3221 Morchionatu

53 3345 56 3352 ¹
148 3263 177 3338 ἢ
260 3235 437 3356 austrie.
444 3241 568 3356 fecit
589 3237 738 3325 docem
758 3239 805 3326 in
827 3236 1008 3355 austria.
1020 3243 1207 3357 sociem
1225 3241 1446 3332 ducatum.
1482 3284 1486 3301 ·
1521 3243 1635 3331 Item
1667 3245 1774 3334 Ota-

256 3355 409 3445 lrerum
433 3352 730 3444 marchionem
752 3354 1018 3473 Stiriesecit
1038 3356 1203 3447 ducem.
1218 3360 1443 3476 sedidem
1467 3364 1552 3470 cito
1574 3363 1773 3467 moritur.

164 3556 170 3572 ,
255 3488 304 3562 et
335 3471 687 3563 marchionatum
719 3469 812 3559 Leo
841 3473 941 3562 oldo
963 3473 1067 3564 duci
1084 3471 1251 3594 austrie
1272 3476 1507 3595 delegauit.
1524 3477 1613 3592 sub
1634 3477 1774 3568 Lucio

253 3591 320 3708 iij.
337 3615 465 3711 papa
489 3604 534 3678 et
554 3588 755 3798 Mami-i
803 3591 1022 3680 oobbate.
1470 3603 1474 3609 ’

336 3807 339 3815 ,
376 3703 447 3796 M.
459 3733 500 3795 c.
515 3701 645 3794 lxxx.
747 3701 959 3797 einricus
984 3702 1084 3800 dux
1097 3703 1334 3803 bawarie.
1347 3709 1481 3827 filius
1503 3711 1705 3801 Heinrici
1725 3714 1773 3798 in

240 3825 447 3946 saxonia
464 3824 665 3942 dffancti
682 3853 809 3948 quem
830 3822 1083 3915 Fridericua
1093 3823 1285 3944 restituit
1296 3831 1341 3916 in
1351 3832 1568 3918 wawarie
1586 3853 1770 3936 xxxruJ.

258 3968 392 4032 auno
417 3936 487 4029 sui
509 3934 715 4033 ducatus
740 3934 803 4032 ab
824 3935 1122 4060 imperatore
1145 3938 1410 4034 Friderico.
1434 3941 1463 4034 i.
1499 3943 1684 4034 eicitur.
1714 3944 1772 4031 de

255 4059 489 4150 ducatibus
510 4061 722 4148 wawarie
751 4073 797 4150 et
825 4059 1024 4148 Saxonie
1064 4070 1113 4149 et
1127 4059 1262 4151 Otto
1284 4058 1529 4187 palatinus
1548 4055 1769 4184 Syrenfis

253 4172 548 4409 (8541in
564 4173 610 4265 ei
629 4169 921 4267 substituitur
939 4178 986 4278 in
995 4181 1223 4268 wawarie.
1245 4196 1290 4268 et
1311 4179 1604 4270 Bernhardar
1626 4208 1771 4270 comes

253 4323 302 4384 m
356 4323 528 4384 oxonia
1267 4320 1270 4327 ’

373 4405 688 4526 M.c.1xxxiij.
722 4405 847 4502 otto
883 4403 983 4500 dux
1012 4405 1227 4504 bawarie
1258 4408 1396 4503 obiit.
1427 4407 1693 4504 Ludwicus
1714 4407 1766 4502 fi·
1901 4447 1906 4455 ·

253 4521 349 4618 lius
381 4523 428 4615 ei
464 4523 687 4618 succedit.
780 4529 893 4618 Item
918 4527 1190 4648 Ryclrordus
1212 4533 1362 4649 anglie
1381 4561 1469 4621 rex
1489 4563 1521 4621 a
1543 4529 1766 4650 Levpoldo

251 4645 378 4768 apua
395 4645 612 4738 wiennam
633 4649 809 4766 capitio
840 4649 1113 4763 etHeinrico
1125 4650 1232 4766 filio
1248 4651 1472 4743 Friclerici
1489 4647 1704 4749 traditur.
1791 4771 1796 4780 Ι

1012 4870 1166 4998 ΧΧ3
1547 4875 1702 5029 Μ.ος.
1863 4919 1868 4930 ·
