4717 6050
616 409 696 498 'm
900 375 1652 511 ·uairnuafiiun
1739 371 1743 380 ’

564 655 566 660 ’
707 629 766 726 In
794 623 1181 726 Michelnhofen
1214 645 1266 725 et
1293 632 1346 727 in
1376 625 1410 724 S
1449 630 1601 728 veltal
1631 634 1751 728 sunt.
1781 635 1883 730 xvi.
1907 634 2096 738 benesi-

285 770 289 779 '
538 821 540 829 ·
588 755 675 848 cia.
707 766 760 858 et¹
789 747 1049 878 quodlibet
1078 747 1236 846 soluit
1267 781 1311 843 v.
1347 745 1532 844 soldos
1563 765 1615 845 et
1642 783 1689 845 x.
1723 747 1965 848 denarios.
2035 757 2095 862 Iu

560 868 704 964 'fello
727 869 880 963 sancti
900 865 959 960 M
997 864 1231 962 chahelis.
1259 899 1303 960 v.
1314 880 1548 960 metretas
1570 866 1815 961 frumenti.
1837 883 1969 964 etx
1994 902 2095 967 me·

438 977 453 1006 '
560 1002 737 1094 stretas
759 1015 930 1081 avene.
1012 982 1482 1108 ulnenlismensure.
1515 999 1567 1078 et
1595 1015 1801 1110 porcum
1829 984 2097 1084 valentem.

581 1106 649 1200 iii.
674 1100 878 1198 solidos.
956 1117 1088 1197 reter
1128 1119 1282 1200 vnum
1321 1099 1615 1197 beneficium
1646 1101 1783 1243 quod
1811 1132 1917 1198 non
1946 1105 2092 1231 soluit

581 1252 803 1350 percum.
836 1236 886 1315 et
916 1133 1037 1321 dant
1065 1216 1293 1314 Stivram.
1512 1289 1525 1312 .
1647 1233 1652 1248 '
1871 1229 1951 1287 -³·
2037 1228 2041 1234 ’
2111 1237 2114 1241 ’

175 1411 178 1418 .
300 1413 317 1442 .,
412 1401 414 1406 ·
483 1413 485 1420 .
576 1405 582 1410 -
699 1340 825 1465 Item
858 1337 1044 1434 ibidem
1080 1333 1143 1429 de
1174 1335 1632 1465 Aeherwingarten.
1669 1337 1701 1431 i.
1734 1337 1987 1434 talentum.
2027 1337 2092 1434 de

582 1454 710 1553 areis
755 1454 1010 1580 dimidium
1042 1453 1299 1550 talentum
1371 1453 1455 1549 De
1489 1455 1685 1581 piscinis
1721 1456 1774 1550 in
1804 1453 1924 1550 fello
1953 1456 2091 1568 beati
2163 1468 2186 1557 j

575 1573 770 1678 Georii.
793 1608 837 1666 v.
857 1573 1059 1668 talenta.
1319 1596 1327 1604 ’
2009 1617 2014 1624 ’
2121 1584 2132 1594 ’

697 1691 754 1786 ln
778 1687 1094 1787 Chelohdorf.
1113 1690 1194 1811 iiij.
1216 1687 1457 1784 beneficia
1514 1687 1740 1785 uodlibet
1763 1689 1909 1785 soluit
1931 1689 2089 1811 modii
2117 1695 2121 1701 ’

436 1817 441 1824 ’
570 1817 662 1918 'sum
682 1809 917 1904 frumenti
952 1824 1003 1903 et
1024 1806 1247 1903 modium
1280 1837 1451 1901 avene.
1599 1808 1797 1902 Pascha.
1826 1809 1875 1901 ii.
1908 1809 2088 1904 caseos.

579 1943 643 2022 et.
683 1957 795 2020 xxx.
838 1957 946 2022 oua.
998 1927 1133 2042 etin
1166 1923 1484 2052 pentecosten
1517 1925 1743 2019 imiliter.
1803 1925 1860 2017 ln
1895 1924 2087 2023 Natiui·

453 2149 458 2160 ,
573 2057 679 2138 tate
712 2041 903 2139 domini
937 2057 1001 2138 et·
1025 2041 1344 2172 Mychahelis
1387 2041 1651 2168 quodlibet
1687 2042 1906 2135 anserem
1943 2057 2005 2144 et
2037 2046 2089 2138 ii.

575 2161 796 2288 gallinas.
858 2162 984 2254 Item
1005 2158 1140 2255 aliud
1152 2157 1447 2254 beneficium
1459 2159 1618 2254 soluit.
1635 2159 1713 2282 xij.
1726 2172 1958 2253 metretas
1972 2192 2101 2271 ave·¹

574 2311 660 2374 ne.
686 2295 748 2374 et.
775 2279 836 2375 vi.
858 2293 1093 2400 metretas
1119 2274 1274 2371 ordei.
1306 2291 1368 2372 et.
1391 2279 1455 2372 vi.
1481 2290 1714 2374 metretas
1737 2277 1899 2370 tritici.
1917 2278 2085 2404 ypoli-

572 2395 717 2501 tensrs
749 2395 985 2490 mensure.
1028 2410 1080 2488 et
1108 2415 1317 2520 porcum
1346 2393 1708 2489 valentemaxl.
1747 2391 1991 2489 denarios.
2033 2409 2086 2490 et

459 2597 462 2602 .
573 2511 892 2638 Mychahelis
923 2511 1142 2606 anserem
1171 2523 1243 2604 et.
1267 2510 1310 2629 ij.
1341 2511 1563 2635 gallinas.
1616 2508 1819 2603 Ibidem.
1855 2511 1933 2632 iiij.
1955 2541 2085 2608 aree.

575 2628 797 2769 quelibet
814 2628 974 2723 soluit.
996 2627 1053 2724 L.
1080 2625 1325 2720 denarios.
1365 2629 1490 2720 etin
1513 2625 1669 2719 tribus
1691 2622 1822 2719 festis
1847 2627 2082 2766 quelibet.

401 2783 408 2798 *
538 2759 551 2850 ’,
573 2748 622 2840 ir.
647 2744 825 2840 caseos.
861 2758 911 2839 et
930 2748 983 2838 in
1004 2741 1196 2870 pascha.
1218 2773 1329 2836 xxx
1355 2771 1464 2864 oua
1524 2741 2082 2874 hrca'rnilpriuroquod‘·

571 2863 696 2958 libet
716 2861 1010 2958 beneficium
1041 2876 1093 2956 et
1112 2857 1335 2986 quelibet
1357 2889 1483 2954 area.
1515 2859 1545 2952 i.
1574 2858 1779 2985 pullum.
2247 2893 2274 2964 ἢ

608 3100 618 3122 ⁸
659 2978 1004 3192 sIl)qT21121rn.
1065 2977 1124 3073 In
1156 2973 1276 3073 sesto
1305 2974 1457 3073 sancti
1489 2973 1663 3075 Georii
1691 2973 1756 3074 de
1777 2979 2085 3105 perchrecht.

519 3157 522 3170 ·
570 3130 634 3194 x1.
679 3128 750 3194 οι
786 3129 855 3193 oa.
1760 3160 1764 3169 -

668 3217 746 3308 ‘ln
775 3213 1050 3310 Revdnich.
1072 3216 1102 3309 i.
1131 3211 1424 3311 beneficium
1444 3216 1602 3312 soluit.
1626 3214 1691 3310 lx.
1716 3214 1946 3312 denarios
1966 3216 2083 3345 My·

291 3412 300 3430 .
572 3330 805 3428 chahelis.
838 3346 889 3427 et
910 3333 964 3426 in
984 3331 1180 3427 Pascha.
1202 3333 1283 3428 iii.
1306 3335 1484 3430 caseos.
1511 3348 1573 3430 et.
1596 3364 1708 3427 xxx.
1729 3364 1826 3429 ova
1856 3333 2081 3430 srmiliter.

263 3480 299 3511 ·‘
364 3496 367 3507 .
412 3512 415 3519 -
482 3488 486 3493 ’
571 3465 622 3544 et
651 3453 704 3543 in
771 3446 1050 3544 entecosten
1081 3451 1214 3545 etin
1293 3452 1514 3546 atiuitate
1532 3447 1739 3545 ¹domini
1772 3464 1940 3591 preter
1971 3481 2082 3546 oua.

499 3610 502 3616 ·
570 3582 622 3661 et
651 3570 701 3661 in
732 3480 852 3661 leno
883 3566 1200 3695 Mychahelis
1234 3568 1467 3663 anserem.
1498 3577 1575 3679 ets
1594 3568 1642 3665 ii.
1675 3567 1897 3693 gallmas.
1939 3573 1995 3665 et'
2029 3572 2085 3673 in

304 3715 310 3745 ·
569 3683 896 3813 carnispriuio.
930 3716 1082 3779 vnum
1112 3684 1317 3808 pullum.

393 3808 395 3814 ’
625 3820 635 3831 “
684 3805 815 3907 Item
840 3798 975 3897 aliud
1004 3799 1297 3894 beneficium
1326 3802 1485 3895 seruit.
1513 3833 1696 3896 xxx1u1.
1722 3816 1954 3899 metretas
1978 3800 2083 3897 sru-

259 3973 260 3980 κ
416 3952 432 3973 κ
545 3921 735 4015 menti.
778 3934 840 4013 et.
873 3917 1023 4015 xxiiii.
1055 3932 1288 4053 metretas
1329 3916 1480 4012 ordei.
1524 3932 1573 4013 et
1603 3918 1790 4015 weisdd
1828 3918 1944 4014 licut
1982 3923 2081 4045 pri·

567 4034 956 4246 qaumsrmiliter
985 4046 1184 4129 ternum
1212 4030 1518 4165 beneficium.
1560 4036 1686 4132 Item
1709 4066 1823 4132 area
1846 4036 1991 4133 soluit
2013 4037 2080 4142 ne

604 4180 814 4248 enanos.
1523 4204 1525 4208 ·

684 4269 743 4361 ln
772 4266 1034 4365 Prenbeliz
1066 4264 1127 4361 de
1157 4268 1314 4364 tribus
1343 4267 1609 4365 benefieiis.
1643 4271 1673 4363 i.
1703 4270 1958 4370 talentum.

521 4462 526 4469 .
592 4460 594 4467 ,
683 4386 741 4479 In
782 4382 1116 4481 Waltendorf.
1166 4386 1197 4477 i.
1227 4384 1519 4480 beneficium
1538 4408 1541 4414 ’
1559 4385 1716 4483 soluit
1754 4389 1789 4487 l.
1822 4387 2077 4487 talentum.

555 4517 624 4601 ,et
647 4502 717 4605 ,de
748 4502 1316 4632 pvrehrechtagrorum.
1348 4504 1410 4650 vi
1439 4500 1636 4600 solidos.
1830 4555 1832 4559 v
2048 4533 2050 4536 ·
2120 4546 2125 4553 ¹
