4717 6050
630 422 1433 552 rurscourrarrr‘n
1526 536 1531 545 ,
1664 456 1812 541 us:

139 640 145 649 ’
238 656 244 668 “
282 648 582 764 martirium,
612 629 760 772 atoue
786 644 1079 771 compleuit,
1140 630 1290 741 Guius
1303 632 1535 773 reliquias
1557 646 1793 773 (reliquia)

232 784 238 795 '
283 768 590 896 temporibus
633 764 889 861 Zachariae
934 762 1085 901 Papae
1120 762 1219 857 hoc
1254 762 1429 858 ordine
1465 764 1689 857 seruntur
1731 763 1795 857 ad

283 884 627 984 monesterium
665 880 744 976 Te
780 879 911 973 ersee
945 878 1079 973 fuisse
1110 881 1373 975 translatae.
1475 880 1612 973 Dum
1662 882 1795 993 enim
1865 993 1868 1002 Ι

137 1020 139 1029 ’
285 1004 469 1131 gemini
508 1000 685 1096 fratres
714 910 952 1092 Albertus
995 995 1096 1089 dux
1135 996 1348 1090 Boioriae
1392 1011 1442 1091 et
1472 997 1797 1114 Noricorum,

284 1135 337 1215 ot
377 1118 607 1213 Ockarus.
646 1114 747 1208 dux
788 1110 1088 1239 Burgundiae
1130 1112 1330 1207 haerede
1374 1113 1535 1208 orbati
1578 1110 1796 1230 fuissent,

282 1265 375 1375 per
405 1232 558 1328 filium
586 1230 753 1356 Pipini
782 1232 921 1353 regis·
942 1228 1244 1328 Francorum
1276 1233 1397 1323 etin
1417 1228 1539 1324 ludo
1563 1228 1685 1323 aleae
1707 1260 1799 1367 per

281 1366 437 1449 retum
469 1350 593 1443 aleae
624 1346 687 1441 ud
717 1347 930 1443 frontem
963 1349 1111 1440 morti
1144 1344 1290 1441 datus
1321 1344 1573 1459 extitisset,
1615 1362 1799 1471 parrter

283 1468 457 1564 limina
496 1466 773 1560 sanctorum
814 1460 1144 1585 apostolorum
1167 1461 1323 1558 ‘Petri
1354 1479 1406 1558 et
1433 1461 1579 1556 Pauli
1612 1461 1799 1559 visitare

284 1580 637 1695 decreuissent,
680 1580 1043 1705 comperientes
1085 1577 1361 1673 Saracenos
1381 1626 1405 1693 ,·
1438 1594 1630 1703 partem
1666 1581 1799 1676 vrbis

281 1699 463 1795 nudius
484 1702 658 1793 tertius
680 1694 1020 1823 depopulasse,
1050 1696 1099 1789 se
1123 1696 1322 1791 fortiter
1342 1728 1452 1789 cum
1472 1695 1710 1791 Romanis
1737 1694 1802 1792 ad

28 1814 29 1829 '
276 1814 637 1941 insequendum
657 1844 762 1939 prae
798 1812 1027 1927 orassent,
1060 1828 1110 1906 et
1123 1815 1341 1909 inuentis
1354 1814 1613 1907 Saracenis
1627 1844 1801 1909 omnes

112 1950 115 1955 “
321 1933 469 2026 ariter
509 1930 744 2056 prostraui
781 1944 893 2041 eut,
925 1943 975 2021 at
1012 1957 1084 2021 ue
1105 1928 1373 2049 spoliorum
1404 1928 1659 2026 manubias
1690 1962 1802 2025 cum
1886 1940 1893 1947 ’

278 1962 437 2143 Falute
473 2048 797 2159 reduxissent,
829 2076 891 2138 ex
924 1958 1102 2137 abietis
1133 2043 1205 2135 nil
1237 2046 1435 2167 penitus
1457 2047 1680 2167 recipere
1713 2078 1802 2141 vo·

279 2165 482 2278 lentes,
527 2194 707 2289 corpus
754 2162 887 2256 beat-i
930 2160 1161 2280 Quirini,
1203 2159 1338 2284 quod
1379 2176 1496 2254 tunc
1536 2162 1807 2374 insrfinibus

280 2281 505 2380 clarebat
546 2278 792 2397 miraculis
835 2275 1079 2403 postulant
1137 2288 1188 2369 et
1227 2277 1457 2370 secretius
1499 2278 1583 2374 srbi
1660 2284 1732 2375 ari
1773 2312 1803 2375 a

280 2400 469 2493 summo
583 2393 745 2489 ntifice
787 2396 1081 2519 quantocius
1123 2394 1418 2516 impetrant,
1447 2410 1498 2488 et
1536 2399 1589 2490 in
1632 2428 1802 2491 mona·

281 2512 477 2608 sterium
559 2512 787 2637 egernsee
843 2511 979 2637 quod
1021 2510 1084 2603 ab
1114 2511 1224 2635 ipsis
1264 2507 1524 2605 fundatum
1563 2512 1803 2639 dignosci·

280 2644 366 2723 tur
406 2626 701 2753 deportant,
744 2641 795 2721 et
832 2630 900 2721 in'
930 2628 1145 2720 eiusdem
1183 2626 1454 2767 monasterij
1496 2628 1798 2727 fundationi·

283 2746 378 2841 bus
406 2744 455 2837 le
490 2746 590 2839 itur
631 2774 742 2837 eum
773 2743 938 2867 Philip
977 2745 994 2835 i
1026 2742 1171 2865 primi
1195 2743 1449 2853 Christianr
1478 2745 1802 2843 Romanire·
1867 2763 1870 2769 “

318 2864 358 2955 is
391 2860 462 2953 fui
499 2856 734 2973 esilium,
801 2864 851 2954 ui
881 2774 1131 2953 inferioris
1164 2875 1215 2960 et
1235 2861 1497 2983 superioris
1526 2863 1808 2960 Pannoniae·

279 2894 512 3074 lominus
554 2975 693 3071 fuisse
731 2891 1052 3089 cierentur,
1120 2980 1286 3114 cuitus
1328 3009 1394 3073 ex
1423 2977 1611 3075 Sereno
1650 3012 1800 3078 vxore

176 3119 184 3140 ‘
280 3107 477 3192 mutato
517 3095 723 3186 nominc
772 3093 1040 3186 Genouefa
1134 3094 1366 3209 rebatur,
1407 3095 1593 3191 ibidem
1633 3110 1803 3195 tamen

29 3209 33 3226 '
178 3209 180 3213 ’
285 3211 491 3321 dicitur,
531 3206 668 3332 quod
711 3209 795 3300 sub
838 3206 1047 3300 Claudio
1089 3208 1358 3303 successore
1396 3210 1599 3330 Galieni
1641 3220 1808 3340 capite·
1877 3327 1884 3336 U

280 3329 467 3456 plexus
542 3353 657 3416 uem
697 3339 866 3416 tamen
905 3323 1284 3417 Dioclecianam
1325 3327 1513 3419 rabiem
1545 3331 1806 3427 inuoluisse

283 3441 486 3538 tradunt
508 3355 768 3553 irrisoriae,
808 3443 862 3534 in
905 3438 1246 3568 Tyberimque
1296 3439 1472 3536 Romae
1523 3448 1804 3567 proiicitur,
1905 3508 1954 3547 -,
2021 3453 2026 3462 “

285 3557 454 3687 postea
481 3585 604 3652 vero
628 3557 698 3680 ¹in,
718 3558 961 3652 cimiterio
992 3555 1227 3652 Pontiani
1267 3557 1539 3655 honorilice
1572 3563 1804 3702 sepelitur

324 3673 446 3770 assus
492 3673 673 3798 legitur
713 3676 843 3768 circa
883 3703 1043 3767 annos
1086 3673 1276 3786 domini
1316 3675 1397 3770 CC
1407 3679 1502 3790 viii.
1543 3680 1640 3804 Ali]
1681 3711 1806 3776 vcro

36 3805 40 3812 ’
165 3855 167 3861 1
308 3791 517 3887 cmviii
560 3819 639 3882 ma
673 3792 714 3886 is
744 3791 910 3917 placet
940 3788 1023 3884 CC
1035 3791 1167 3890 lxxii.
1257 3793 1501 3915 Eusebius
1522 3799 1672 3892 etiam
1698 3798 1807 3892 Cae·

284 3907 502 4007 &nensis
546 3908 599 4000 in
640 3820 868 4002 {ironicis
915 3909 1079 4003 versus
1121 3907 1269 4002 linem
1316 3909 1501 4026 refert,
1539 3913 1804 4033 Quirinum
1907 3953 1911 3958 ’

286 4027 467 4126 Romae
481 4023 767 4153 ·Tyberinis
791 4023 1061 4152 gurgitibus
1091 4017 1311 4151 pro‘flde
1342 4027 1513 4122 Christi
1541 4031 1808 4150 iniectum,

286 4161 342 4238 et
381 4143 496 4266 quia
527 4146 815 4263 mergi‘non
845 4143 1035 4267 potuit,
1076 4144 1310 4268 precibus
1337 4173 1366 4237 a
1398 4147 1516 4240 Deo
1560 4149 1804 4266 obtinuit,

282 4274 343 4355 ut
364 4257 483 4354 vndi
504 4263 691 4398 apertis
713 4261 924 4352 animam
947 4259 1207 4384 susciperet
1228 4262 1477 4356 exalatam
1505 4263 1596 4382 (ira
1617 4270 1821 4390 codem(

285 4427 309 4444 ··
409 4373 956 4500 Marumilianusigitur
985 4376 1688 4477 vacantesedeLaureacensi
1715 4415 1804 4477 vo·

220 4599 225 4608 ‚
290 4493 354 4588 tis
378 4502 481 4582 tam
504 4493 620 4586 cleri
645 4523 792 4618 quarn
813 4492 990 4616 populi
1016 4491 1080 4586 ad
1102 4495 1314 4614 honoris
1332 4497 1529 4590 culmen
1562 4514 1614 4591 et
1635 4499 1803 4595 sedem

290 4609 678 4704 Laureaccusem
715 4624 978 4704 reuocatus
1017 4641 1149 4734 anno
1185 4611 1375 4705 domini
1408 4612 1804 4713 cccxiorurt,

288 4727 408 4856 quia
429 4729 617 4831 cunctis
647 4728 701 4824 in
729 4725 846 4829 fidei
874 4725 1166 4943 οοηῆῖξτῖἑῖ,
1195 4759 1402 4830 morum.
1429 4746 1480 4829 et
1517 4735 1805 4946 vitales-isci-

774 4889 778 4896 ·
992 4917 1017 4945 .-
1184 4876 1216 4943 2
1603 4877 1746 4979 pina
1809 4937 1813 4944 .
1961 4913 1965 4920 -

500 3333 504 3345 l
