4717 6050
702 422 778 510 „a
914 403 1069 522 ,ru
1120 405 1356 490 roan.
1405 390 1909 492 rrcurrrrr

469 629 488 673 ¹
654 585 872 714 icliatem
901 607 1188 727 Cesaream,
1216 570 1410 708 etcum
1440 607 1775 728 abscessissem,
1813 617 2048 714 tenendo
2082 623 2166 722 sor·

656 735 774 830 riter
802 758 1002 824 manum
1031 756 1193 824 meam
1214 741 1266 822 ct
1284 729 1675 855 conquaciendo.
1736 730 2164 840 Solicitatormeus

518 881 538 902 ¹·
656 849 751 948 fuit
780 847 1028 943 Iohannes
1059 845 1402 942 Werenfelser
1442 844 1726 957 adolescens
1761 851 2010 988 profecto
2052 858 2164 956 bone

253 1017 261 1028 ·
463 1033 473 1050 ·
657 963 856 1068 indolis.
920 963 1084 1084 Quam
1115 963 1316 1090 quidem
1346 962 1610 1060 Lecturam
1639 965 1799 1062 volmt
1828 968 2044 1067 Cesarea
2074 975 2163 1072 Ma·

655 1083 795 1184 iestas
825 1081 945 1178 mihi
975 1077 1203 1176 conferre
1231 1081 1444 1177 secunda
1471 1078 1597 1176 feria
1650 1081 1754 1203 poli
1791 1086 2081 1205 Scolaliice‚
2103 1126 2166 1190 aa

478 1255 482 1268 ·
657 1219 827 1300 tamen
860 1195 1182 1313 condicione,
1236 1196 1373 1324 quod
1403 1197 1530 1294 esset
1558 1199 1817 1300 consensus
1860 1219 1916 1300 et
1957 1208 2163 1305 voluntas

556 1315 562 1327 “
657 1321 942 1417 Doctorum
973 1314 1244 1410 Facultatis
1273 1313 1555 1412 Medicina:
1587 1318 1671 1441 qui
1702 1321 1908 1442 quidem
1932 1313 2162 1421 Doctores

647 1465 836 1533 =omnes
867 1429 1106 1528 concordi
1134 1462 1262 1528 voce
1291 1435 1345 1528 in
1374 1448 1557 1532 meam'
1593 1432 1814 1532 crsonam
1833 1439 2163 1536 consenserunt

662 1569 713 1650 et
743 1555 814 1649 eis
846 1549 1010 1676 placui
1041 1563 1093 1644 et
1122 1547 1368 1646 dederunt
1397 1463 1631 1646 mihi-ltlb
1661 1551 1690 1646 sr
1729 1554 1813 1649 ‘lo
1836 1556 2161 1655 Facultatisli·

661 1686 792 1766 teras
826 1666 1083 1762 consensus
1115 1680 1167 1760 et
1209 1669 1547 1792 promocionis
1578 1665 1643 1764 ad
1713 1672 1935 1768 esarcam
1966 1673 2161 1768 Maiesta-

662 1804 794 1902 tem,
854 1814 975 1910 quas
1015 1783 1204 1877 litteras
1244 1780 1367 1909 legit
1394 1787 1669 1924 Imperator
1696 1791 1925 1914 sequenti
1956 1809 2097 1888 nocte
2122 1808 2158 1886 et

386 1902 390 1910 ’
583 1931 587 1938 ’
662 1905 746 2000 libi
777 1901 1071 2029 placuerunt
1100 1914 1152 1994 et
1182 1901 1489 1999 Solicitatorr
1519 1935 1633 1998 meo
1663 1905 1923 2030 respondit
1946 1907 2158 2033 quodibi

661 2023 919 2235 glacerem·
944 2031 996 2112 et
1024 2015 1181 2112 vellet
1211 2049 1274 2112 cx
1301 2049 1382 2114 me
1413 2019 1597 2114 habere
1629 2023 1992 2139 iuramentum,
2035 2055 2160 2150 quau-

481 2139 484 2146 ’
645 2153 650 2162 ’
699 2172 731 2235 o
761 2136 986 2266 proxime
1016 2132 1257 2230 habitura
1272 2134 1388 2233 esset
1416 2137 1499 2232 sua
1528 2137 1735 2236 Cesarea
1763 2139 2000 2238 Maiestas
2038 2139 2158 2236 conli-

643 2257 810 2370 ¹lium‚
849 2248 986 2379 quod
1015 2251 1190 2348 habuit
1216 2254 1270 2348 in
1300 2253 1382 2350 die
1411 2253 1666 2352 Kathcdre
1695 2257 1832 2356 Petri
1863 2257 1933 2353 ad
1973 2275 2157 2354 noctem.

513 2469 517 2480 ,
665 2377 862 2472 Octauo
894 2367 978 2464 die
1011 2368 1184 2466 Martii
1212 2387 1357 2466 natus
1389 2370 1455 2466 est
1483 2373 1605 2474 mihi
1632 2373 1850 2474 secundo
1871 2377 2068 2502 genitus
2087 2372 2155 2470 sli-

643 2523 725 2590 =us
756 2489 1028 2616 Gregorius
1085 2518 1148 2583 eo
1184 2487 1265 2584 dic
1296 2488 1590 2614 baptizatus.
1647 2489 1919 2618 Compater
1940 2491 2154 2618 baptisans

665 2609 732 2749 esi
761 2603 992 2743 Magister
1021 2556 1367 2818 sifismundus
1396 2605 1630 2704 Froschel
1675 2641 1740 2708 cx·
1783 2609 1946 2710 Greia
1984 2624 2154 2746 octena·

643 2757 775 2826 rma
793 2725 857 2821 ad
887 2723 938 2840 S,
968 2719 1055 2818 Ste
1078 2753 1225 2818 anum
1248 2724 1474 2838 tanne,
1505 2724 1679 2822 leuans
1709 2743 1968 2852 compater
1996 2721 2152 2822 Vrlhel·

665 2876 774 2941 mus
802 2844 929 2940 Aich
968 2869 1110 2969 ergcr
1138 2840 1319 2956 Miles,
1373 2840 1499 2938 alter
1528 2843 1702 2940 leuans
1733 2860 1786 2941 et
1815 2875 1973 2941 manu
1992 2859 2151 2936 tenens

664 2961 895 3101 Magister
922 2873 1148 3095 ihomas
1178 2961 1399 3056 Vienner
1435 2989 1498 3053 ex
1526 2958 1574 3053 N
1578 2961 1796 3089 euburga
1837 2959 2038 3074 soreos,
2070 2956 2152 3051 col·

665 3082 880 3207 legratus
908 3076 1121 3218 Collegii
1142 3078 1349 3193 ciuium,
1379 3076 1444 3170 ad
1465 3075 1514 3175 a
1527 3079 1761 3178 Iacobum
1775 3082 1972 3177 Vienne
1994 3072 2103 3173 tons
2121 3072 2149 3163 s·

665 3197 773 3312 sor,
831 3210 1119 3291 commatrrx
1157 3195 1332 3291 relicta
1363 3192 1629 3295 stnuoferi
1672 3196 1737 3292 de
1778 3192 2070 3294 Potendarss
2097 3218 2148 3283 vr·

663 3312 764 3410 dua
797 3312 982 3411 deuota
1015 3328 1066 3409 et
1098 3309 1430 3408 honestissima.
1490 3312 1548 3405 ln
1580 3314 1783 3411 crastino
1817 3312 2041 3411 Tiburcii
2073 3304 2148 3399 ele·

666 3447 775 3527 ctus
804 3432 878 3525 fui
906 3432 959 3527 in
989 3432 1270 3525 Decanum.
1327 3432 1450 3525 Item
1480 3428 1678 3527 Staclser
1700 3430 1827 3527 duos
1851 3433 1959 3526 slor.
1983 3427 2145 3545 Renou-

641 3550 768 3679 scs,
806 3577 835 3642 a
869 3578 970 3675 quo
1002 3542 1202 3674 quidem
1235 3542 1438 3644 Stadlcr
1476 3544 1665 3649 infecto
1706 3548 2050 3644 miserabiliter
2071 3562 2144 3663 egr)

663 3666 735 3762 fui
765 3664 980 3761 insectus
1009 3681 1060 3760 et
1089 3665 1386 3791 pestilentus.
1447 3666 1523 3761 Εἴ
1543 3661 1604 3759 lic
1623 3662 1819 3760 durauit
1837 3666 1927 3760 XL
1950 3657 2143 3759 ebdom

438 3784 447 3794 '
640 3782 812 3879 =dibus
839 3785 891 3878 in
920 3784 1098 3911 quibus
1131 3783 1259 3878 nihil
1271 3821 1282 3837 ··
1296 3781 1565 3909 practicam
1597 3772 2140 3878 nitamicisot=eo11fm

386 4099 395 4111 .
512 4074 514 4078 ,
638 4020 1098 4121 lomanniarslor.
1147 4020 1272 4113 Vn.
1315 4032 1372 4111 et·
1413 4028 1478 4113 'eo

397 4705 404 4719 ,
551 4660 553 4665 ·
663 4602 898 4721 ἀιιω,οκ

601 3902 606 3911 “
662 3902 757 4017 tis,.
785 3932 849 3996 ex·
881 3902 1061 4031 quibus
1078 3900 1295 3997 lucratus
1320 3904 1439 3995 sumt
1464 3929 1616 4112 usgue
1651 3898 1803 3994 hodie
1834 3902 2016 4039 scilicet
2038 3885 2138 3986 Ciu·

642 4148 769 4231 tum
807 4138 859 4231 in
899 4134 1136 4232 facultate
1238 4135 1446 4230 edicinc.
1517 4016 2134 4264 Simorriilgzillludgeffi

587 4320 598 4347 ι,
663 4250 1102 4395 εᾴὴηοοεροῐὶθιηε
1135 4270 1187 4349 et
1227 4253 1287 4419 lic
1331 4284 1370 4346 a:
1399 4252 1558 4404 ¹princi
1593 4253 1645 4347 io
1688 4252 1974 4396 egritudinis
2013 4260 2131 4447 «αἲξ

659 4368 876 4467 Sunoms
907 4384 962 4466 et
987 4371 1108 4467 lude
1139 4372 1246 4467 sunt
1274 4370 1471 4464 rulth
1574 4369 1793 4485 omade„
1828 4386 1882 4467 ct
1915 4362 2040 4496 quod
2103 4375 2115 4441 1

660 4489 820 4582 timus.
851 4492 1014 4705 magni
1043 4491 1197 4589 Turci
1222 4490 1490 4589 Ottomani
1521 4486 1763 4586 siliuaiter
1782 4490 1918 4619 uenit
1948 4473 2127 4581 sutrio
2224 4445 2232 4738 ἰ

969 4610 1117 4705 isicia.
1207 4638 1212 4646 ’
1321 4659 1326 4670 ·

1782 4809 2083 4948 ,Μ
