4717 6050
783 435 788 461 ²
867 383 1270 522 nv‘snmn*
1347 453 1353 462 ·
1718 404 1780 542 ,9'
1850 511 1854 521 x
1932 455 1941 462 ·

339 742 342 747 .
406 651 466 748 In
497 643 810 776 Ohsenpach.
834 645 883 742 ii.
917 637 1161 743 beneficia
1194 641 1407 740 ioluunt
1442 646 1507 768 iij.
1547 642 1732 748 solidos
1764 669 1823 749 et

113 865 117 872 .
285 767 477 871 weiitid
507 768 623 864 licut
655 769 891 893 priora„-
1313 785 1319 795 '

113 918 144 967 a
297 913 301 920 ’
407 887 559 1016 Apud
601 881 995 982 Steinchirchen.
1037 881 1069 978 i.
1099 879 1398 984 beneficium
1432 882 1593 982 soluit.
1628 884 1694 982 lx.
1727 887 1821 985 de·
2023 915 2026 920 ·

282 995 469 1112 uarios.
508 1019 559 1102 et
587 1001 773 1101 weisnd
802 1017 858 1098 ut
887 1001 1041 1128 supra.
1522 1069 1527 1078 -

294 1161 300 1178 ·
353 1143 358 1155 ’
405 1126 464 1220 In
492 1121 916 1250 Wolfpaizingen
954 1121 1069 1214 aree
1100 1147 1196 1246 que
1235 1119 1402 1217 soluit..
1425 1121 1529 1248 xvi.
1562 1117 1816 1221 denarios.

243 1253 246 1262 “
391 1245 490 1338 An
519 1239 635 1338 dem
664 1238 812 1336 velde
855 1267 1007 1334 vnum
1046 1236 1342 1334 beneficium
1370 1236 1518 1334 soluit
1546 1235 1810 1338 ‘dimidium
1850 1304 1853 1310 ,

284 1351 543 1456 talentum.
576 1373 627 1456 et
656 1345 843 1454 weisiid
872 1355 988 1451 ficut
1015 1358 1208 1483 priora„

403 1479 462 1574 In
490 1474 861 1606 Mergerstete'n.
895 1477 926 1570 i
952 1471 1246 1571 beneficium
1269 1472 1426 1569 soluit.
1454 1469 1712 1570 dimidium
1735 1481 1810 1576 ta:

105 1661 136 1678 .-
282 1593 476 1692 lentum
498 1610 549 1690 et
570 1590 757 1692 weiscid
780 1595 899 1689 licut
956 1594 1100 1688 riora.
1803 1638 1810 1652 ·

284 1709 555 1926 slidApud
582 1725 779 1842 pratum
805 1623 1137 1810 Maricinnitz„
1172 1711 1203 1806 i.
1238 1707 1532 1807 beneficium
1568 1710 1727 1811 soluit.
1761 1743 1807 1808 v.

306 1861 336 1926 ο
411 1863 483 1926 os.

320 1970 325 1978 ·
399 1949 456 2044 In
487 1947 768 2078 iringspach
800 1945 947 2044 Curia
977 1943 1206 2044 villicaiis
1238 1961 1289 2043 et
1312 1945 1502 2042 fructus
1538 1947 1600 2042 in
1613 1947 1701 2043 illa
1726 1977 1803 2043 rea
1907 2056 1911 2062 .
2027 2049 2032 2056 ,
2166 2063 2171 2071 ,

282 2066 404 2194 cipit
436 2068 630 2163 villicus
661 2065 909 2163 dimidios
954 2080 1004 2161 et
1034 2063 1226 2161 dimidii
1260 2066 1514 2190 pertinent
1547 2061 1610 2158 ad
1645 2063 1806 2186 domi.

279 2213 413 2278 num.
437 2190 490 2280 'et
510 2215 726 2392 Roreum·
749 2185 1014 2319 valentem.
1045 2183 1108 2298 iij.
1132 2180 1330 2317 iolidns.
1390 2181 1498 2273 Hec
1521 2179 1667 2317 Cnria
1691 2178 1806 2275 red·
1961 2284 1967 2290 ,

279 2294 1803 2621 {31{g{at}Prao&veinatafflgffsnaffiucnutieerssgcffglffgtgenaab

279 2557 342 2623 rn
394 2559 505 2621 aen
530 2561 559 2621 1.

394 2643 453 2736 In
481 2641 827 2765 'Schoenpvhel
861 2641 1009 2737 Curia
1038 2639 1276 2736 villicalin
1313 2644 1439 2737 etii.
1472 2643 1714 2743 beneficia
1748 2663 1801 2746 et
1832 2645 1835 2653 ’

143 2859 147 2866 ,
275 2787 394 2854 area
437 2774 495 2854 et
517 2760 703 2887 piscina
749 2789 845 2887 que
879 2758 1108 2855 dominus
1143 2759 1267 2857 Otto
1299 2759 1362 2857 de
1392 2759 1694 2891 Ramsperch
1723 2780 1797 2874 te·

274 2890 366 2972 n‘et
393 2876 654 2974 violenter.
1099 2891 1101 2896 ’
1416 2893 1419 2898 ’
1693 2927 1697 2932 ’

393 2993 479 3091 De
503 2993 765 3094 advocatia
793 2991 1052 3091 Pechiarn.
1086 3008 1138 3090 et
1165 2993 1475 3094 Wiseibvrch
1505 2997 1660 3098 tiibus
1689 3001 1796 3127 pla*

276 3114 401 3209 citis.
432 3146 545 3245 xxx.
580 3111 777 3233 solidos.
810 3116 896 3252 qui
924 3114 1176 3239 pertinent
1207 3112 1271 3207 ad
1302 3114 1534 3211 Officium
1563 3115 1626 3212 de
1662 3119 1794 3216 deci-

276 3260 358 3324 ma
401 3228 463 3325 ad
507 3229 760 3325 carradam
803 3228 1302 3340 vmi.·Chrentiens1s
1336 3234 1571 3332 mensure.
1607 3252 1659 3332 et
1695 3236 1793 3334 due

104 3452 108 3459 ,
313 3362 443 3442 artes
480 3346 782 3442 decimarum
819 3376 914 3472 que
955 3348 1065 3440 sunt
1098 3345 1162 3440 ad
1195 3346 1248 3443 C.
1286 3350 1530 3448 chastmvt.
1576 3367 1639 3447 et.
1689 3357 1791 3455 viii.

171 3578 172 3584 Ν
274 3380 658 3591 Εθὶῐῖῑίΐοὴὶηςε.
702 3479 755 3557 et
788 3472 942 3557 vnum
970 3462 1302 3603 Spechi'wein.
1346 3482 1397 3562 et
1437 3467 1500 3564 de
1522 3468 1791 3569 Macellis.

89 3600 92 3607 ·
276 3582 427 3677 xxiiii.
469 3580 714 3677 denarios.
748 3596 798 3677 et
836 3578 1043 3678 forstarii
1085 3579 1274 3677 dabunt
1302 3584 1354 3676 in
1384 3582 1660 3685 Natiuitate'
1702 3589 1791 3686 do*-

274 3700 410 3794 mini.
442 3700 491 3796 vi
522 3700 755 3827 scapulas.
788 3715 840 3795 et
868 3701 921 3793 in
953 3698 1282 3827 Carnifpiiuio
1303 3702 1371 3799 vi.
1396 3702 1619 3831 gallinas.
1652 3722 1703 3802 et
1736 3708 1790 3802 in

257 3816 474 3913 Pascha.
509 3817 563 3912 C.
590 3848 712 3963 pua.
916 3934 919 3944 ¹
1552 3911 1556 3917 .

391 3936 475 4030 De
516 3932 967 4060 acquifitionibusa
1039 3934 1212 4031 ocatie.
1243 3966 1356 4031 xxx.
1390 3937 1593 4032 talenta.

389 4052 475 4148 De
507 4050 770 4173 aduocatia
798 4052 851 4146 in
880 4051 929 4145 Is
1032 4047 1265 4149 chdorna.
1294 4056 1365 4151 iit
1397 4056 1598 4150 talenta.
1636 4067 1699 4155 et.
1722 4060 1785 4155 vi.

272 4170 469 4267 modios
503 4184 554 4269 et
590 4168 846 4265 dimidium
879 4198 1038 4265 auene
1070 4168 1353 4267 Amnetenr.
1386 4186 1437 4266 et
1469 4174 1688 4300 pertinet
1719 4176 1786 4270 ad

273 4288 517 4384 Officium.
578 4289 637 4383 In
672 4286 936 4429 Golspach.
980 4285 1042 4381 de
1082 4285 1375 4387 Aduocatia.
1420 4289 1485 4388 lx
1516 4288 1784 4415 ¹denarios.

273 4418 326 4502 et
344 4406 481 4515 bona
502 4404 609 4501 sunt
632 4402 880 4503 Abbatiise
916 4402 978 4501 de
1011 4402 1356 4535 Geyi'elvelde.
1628 4525 1630 4528 v

390 4524 475 4619 De
511 4522 771 4620 a'duoeatia
805 4518 937 4651 apud
968 4522 1357 4620 Stainchirchen.
1392 4524 1559 4621 tribue
1591 4526 1783 4625 vicibus

162 4678 166 4685 ·
266 4644 324 4742 in
359 4670 506 4736 anno.
542 4641 610 4736 lx.
643 4638 873 4737 denarios
943 4639 1131 4739 ualibet
1161 4644 1285 4741 vice.
1326 4673 1404 4740 xx
1443 4641 1687 4743 denarios.
1731 4654 1785 4741 et
1966 4670 1971 4677 ·

270 4760 407 4860 bona
437 4758 764 4860 summorum
801 4758 865 4859 de
947 4758 1094 4855 oense.
1242 4778 1246 4789 ·

186 4877 191 4885 ’
1001 4874 1114 5005 D3
1330 5020 1334 5028 .
1664 4880 1770 4975 In·
