4717 6050
298 1262 603 1411 cathalogos
625 1272 1123 1430 Archiepiscoporum
1144 1280 1196 1369 et
1216 1270 1575 1403 Episcoponrm
1594 1270 1815 1381 Laurea.
1898 1266 1902 1269 ’

418 1517 640 1657 εοηΐιῃϊ
651 1450 949 1613 Ρεῒαιιίοηῦε
960 1506 1284 1607 Ecclefiarum
1301 1539 1392 1637 per
1402 1509 1465 1607 N.
1476 1508 1696 1613 Schreit·

853 1747 988 1844 wein
1012 1743 1254 1907 collectus

358 1979 422 2092 ad
448 1984 754 2126 Friderictrm
770 1980 1001 2080 Tertium
1020 1977 1361 2079 Romanorum
1384 1980 1749 2109 Imperatorem.

293 2349 627 2635 Priscorum
651 2438 941 2535 charitatem
963 2424 1027 2533 ad
1047 2462 1142 2535 nos
1158 2448 1389 2650 patrum,
1454 2432 1508 2575 ui
1526 2462 1631 2535 non
1653 2439 1810 2543 folum

305 2590 309 2601 ’
456 2588 602 2653 carne
634 2557 718 2652 sed
748 2574 799 2652 et
828 2588 921 2683 per
952 2558 1156 2682 Euange
1178 2587 1279 2650 rum
1311 2558 1363 2649 in
1394 2553 1435 2650 C
1471 2555 1580 2652 nsto
1610 2588 1706 2653 nos
1725 2590 1811 2688 gc·
1929 2619 1933 2627 ·

114 2760 123 2775 ,
296 2691 535 2791 ruerunt,
566 2679 717 2769 sacrae·
734 2672 1120 2769 conuersationis
1141 2672 1351 2767 formam
1373 2688 1626 2790 retexere,
1657 2707 1810 2803 quan·

297 2807 403 2888 tum
423 2794 485 2886 ad
508 2822 698 2887 morum
717 2790 1069 2884 institutionem
1087 2788 1340 2914 proficiat,
1369 2820 1518 2886 nemo
1533 2794 1659 2888 sanae
1675 2826 1812 2892 men·

296 2912 361 3004 tis
383 2911 605 3035 ignorat,
636 2937 745 3048 quae
768 2906 1044 3001 efficaciora
1065 2906 1129 3000 ad
1155 2907 1569 3003 commonendum
1588 2908 1655 3005 ad
1675 2913 1810 3011 bona

294 3027 557 3121 moralium
593 3054 784 3119 animos
815 3023 1046 3148 exempla
1078 3044 1226 3150 quam
1248 3023 1401 3119 verba
1428 3026 1519 3120 effe
1544 3057 1648 3122 non
1670 3026 1808 3127 dubi·
1927 3138 1931 3144 ,
2031 3107 2037 3112 ,
2141 3033 2147 3110 ἶ

294 3157 381 3237 tat.
411 3199 414 3213 ·
442 3141 529 3268 Ipsi
554 3140 785 3265 siquidem
811 3139 951 3233 fuere
995 3143 1080 3263 qui
1109 3139 1285 3234 directi
1321 3140 1558 3238 diuinitus
1592 3146 1645 3240 in
1669 3152 1809 3275 peni·

297 3261 508 3352 tentiam·
538 3261 758 3382 gentium
790 3258 1178 3348 interuerterunt
1208 3257 1515 3383 impietates,
1558 3260 1809 3362 abomina-

295 3377 486 3488 tiones,
527 3389 578 3468 et
601 3371 799 3501 pietatis
828 3369 983 3465 solida
1004 3367 1328 3466 fundamenta
1348 3371 1614 3470 statuerunt
1634 3381 1687 3473 in
1706 3382 1809 3478 die·

263 3491 390 3588 ·bur
425 3516 608 3586 eorum.
669 3487 757 3614 Ipsi
791 3485 993 3582 fuerunt
1026 3488 1112 3612 qui
1142 3502 1316 3584 contra
1342 3491 1563 3588 veritatis
1587 3495 1816 3596 aduerta-

296 3611 399 3705 rios
422 3608 615 3703 sensum
637 3605 792 3702 diuini
813 3605 1004 3700 timoris
1024 3605 1312 3701 inccffanter
1333 3622 1625 3729 tenuerunt,
1644 3614 1810 3716 donec
1908 3687 1923 3714 .

257 3789 258 3794 ¹
296 3723 361 3834 ad
432 3727 610 3820 almam
640 3723 860 3818 victoriae
891 3737 1228 3848 peruenerunt
1256 3739 1309 3819 et
1336 3722 1453 3820 fidei
1475 3727 1811 3868 gubernacula

295 3843 384 3938 vir’
409 3844 512 3936 iter.
526 3855 755 3937 tenentes
779 3841 1047 3936 anchoram
1074 3840 1178 3967 spei
1199 3843 1466 3969 tranquilla
1487 3877 1585 3940 ram
1602 3847 1808 3948 statione

117 4056 125 4072 ,
296 3987 407 4055 conr
446 3961 710 4074 cinerum,
751 3959 818 4053 Et
851 3973 904 4052 vt
936 3959 1107 4083 paucis
1135 3959 1290 4053 multa
1326 3961 1660 4088 constringam.
1705 3969 1830 4088 Qui.

296 3993 443 4216 (quis5
462 4076 555 4170 fuit
572 4092 708 4172 totus
729 4105 899 4170 eorum
921 4078 1036 4168 vitae
1057 4074 1288 4170 decursus
1307 4077 1393 4172 nin
1415 4078 1673 4178 diuturnus
1694 4115 1811 4181 curn

297 4196 436 4334 vigilr
467 4193 602 4289 hoste
639 4193 910 4288 conflictus.
956 4191 1086 4287 Nam
1149 4195 1312 4288 nantis
1335 4196 1389 4289 hi
1414 4201 1545 4294 cecis
1579 4215 1630 4295 ct
1656 4216 1813 4300 atra-1

294 4326 414 4410 mrte
437 4314 552 4405 vitae
587 4325 639 4405 ct
658 4310 877 4406 veritatis
897 4307 1143 4405 aberrantr
1179 4343 1236 4406 us
1272 4311 1400 4437 quali
1433 4315 1646 4411 amisium
1677 4317 1812 4414 resti·-

296 4443 496 4524 tucrunt
516 4428 695 4544 visum,
727 4438 778 4521 et
796 4426 937 4522 illum
970 4457 1070 4564 quo
1094 4427 1306 4525 Christus
1327 4429 1526 4528 videtur
1546 4464 1805 4560 reparauc·

293 4558 410 4640 runt
429 4546 671 4640 intuitum.
732 4542 961 4663 Quantos
988 4542 1277 4641 rnfidelitate
1310 4546 1639 4647 obduratione
1669 4551 1808 4649 dam·
1913 4672 1915 4675 Ι

235 4711 236 4714 ¹
295 4675 443 4756 natos
479 4658 596 4756 fidei
664 4660 896 4757 andendo
932 4665 1028 4756 iter
1059 4665 1190 4758 viam
1213 4663 1557 4762 mandatorum
1577 4668 1803 4766 festinan·
1878 4719 1883 4728 ·

296 4792 374 4876 ter
406 4805 601 4877 currere
621 4693 860 4886 fecerunt.
906 4778 1138 4901 Quantos
1161 4777 1376 4910 denique
1396 4815 1488 4914 per
1507 4785 1708 4929 longam
1726 4791 1806 4884 in·.
1864 4790 1874 4808 “

1560 4933 1744 5003 cimam
