4717 6050
275 334 291 389 ⁵
437 360 466 444 ⁴.
621 388 694 491 sn
943 430 1020 448 A*
1121 324 1544 455 nnonrm1

528 702 531 707 ¹
571 599 770 685 execrat
809 594 859 676 ct
890 574 1238 705 condempnat.
1280 578 1346 673 Et
1379 579 1431 670 in
1455 576 1636 705 vigilia
1669 575 1821 675 Beati-
1845 580 2081 683 Iohannis

566 700 819 829 Waptille.
852 698 983 793 facta
1015 698 1259 792 electione
1288 693 1525 790 Albertus
1562 696 1683 789 Dux
1713 696 1896 796 austrie.
1933 702 1984 795 in
2005 732 2081 797 re·

565 854 677 950 gem
707 818 1047 914 Romanorum
1084 813 1149 908 est
1184 815 1385 908 electus.
1430 810 1513 907 Ad
1543 842 1689 937 quem
1721 828 1838 910 tunc
1864 820 2079 947 episcopi

491 977 493 986 ’
566 938 714 1053 etalii
738 934 878 1029 multi
901 932 1097 1029 nobiles
1120 931 1385 1026 confluunt.
1407 928 1626 1025 Comites
1651 946 1701 1026 et
1714 949 1949 1057 potentes
1971 968 2080 1032 cum

527 1054 741 1182 ;quibus
772 1052 1008 1152 Albertus
1040 1050 1240 1143 electus.
1273 1045 1527 1172 profectus
1553 1043 1619 1139 est
1648 1046 1712 1141 ad
1737 1050 1985 1173 quandam
2013 1057 2077 1152 ci·

562 1176 768 1267 uitatem
799 1166 980 1262 dictam
1011 1166 1214 1292 Alczcy.
1295 1196 1406 1259 uam
1442 1196 1504 1259 ex
1540 1195 1572 1256 u
1607 1179 1692 1258 nat
1732 1182 1783 1260 et
1802 1168 2074 1267 succendit.

496 1390 499 1395 Α
562 1291 699 1385 Dein
738 1290 869 1379 inter
899 1286 1110 1379 cenobia
1140 1282 1266 1377 Mun
1330 1285 1401 1377 eis
1438 1298 1490 1377 et
1569 1194 1770 1379 diental.
1796 1286 1953 1383 castra
1978 1320 2075 1384 me·

407 1515 409 1523 ⁴
496 1470 503 1477 --
561 1422 706 1501 tatus
726 1401 800 1498 ett
835 1402 936 1497 illic
967 1401 1122 1526 ipsum
1151 1399 1419 1527 Depofitus
1449 1430 1538 1493 rex
1566 1398 1783 1497 Adolfus
1816 1436 1926 1499 cum
1958 1404 2075 1501 duo·

561 1525 653 1619 bus
685 1522 910 1616 Ducibus
942 1519 1141 1614 babarie
1174 1519 1365 1613 Ottone
1393 1532 1444 1610 et
1462 1516 1745 1614 Ruedolffo.
1775 1523 2075 1641 et'alijsmul·

462 1687 467 1696 ·
561 1645 624 1735 tis
665 1636 969 1765 principibus
1023 1651 1073 1729 et
1115 1634 1376 1730 comitibus
1429 1634 1697 1847 insenuitur
1736 1637 2072 1735 vehementer.

561 1758 764 1853 Electus
795 1784 915 1849 vero
947 1753 1183 1849 Albertus
1215 1751 1474 1877 expeditus
1505 1784 1534 1845 a
1599 1782 1827 1878 pugnam.
1852 1769 1903 1851 ct
1921 1756 1980 1855 in,
1997 1755 2075 1851 die

562 1876 838 1969 sanctorum
882 1868 1095 1965 Procelli
1136 1884 1188 1965 et
1219 1868 1521 1964 Martiniani.
1561 1872 1691 1964 inter
1721 1869 1851 1995 ipsos
1892 1871 2076 1967 bellum

405 2066 407 2073 ,
561 1992 627 2086 elt
658 1985 967 2085 commissum.
1009 2002 1217 2113 uterque
1260 2016 1381 2081 vero
1424 1988 1684 2112 conparuit
1724 1990 1952 2084 inarmis
1991 1989 2075 2085 sub

560 2106 748 2203 uexillo
790 2107 921 2232 regis
964 2130 1295 2199 romanorum.
1336 2100 1420 2197 led
1450 2104 1534 2200 sub
1565 2104 1749 2199 vexillo
1781 2106 1972 2201 australi
2009 2108 2075 2203 al·

517 2319 522 2327 ,
558 2227 728 2321 bertus
761 2222 964 2324 electus.
1002 2223 1265 2318 victoriam»
1291 2219 1508 2315 obtinuit
1550 2237 1600 2316 et
1632 2224 1762 2317 vicit.
1802 2222 1900 2319 Vbi
1920 2222 2073 2327 Adol-

559 2343 639 2441 fus
659 2341 733 2438 'de
770 2338 915 2434 ofitus
948 2336 1202 2433 occiditur.
1257 2336 1402 2433 Vnde
1437 2338 1612 2435 versus.

656 2372 813 2555 Auiiri
844 2455 1080 2549 vexillum
1110 2457 1291 2551 virtute
1323 2454 1407 2549 dei
1439 2456 1586 2554 necat
1615 2456 1767 2551 illum.

483 2660 488 2670 .
756 2574 857 2783 (nui
887 2602 975 2665 rex
1006 2588 1121 2666 ante
1151 2572 1259 2665 fuit.
1289 2574 1387 2665 iam
1417 2574 1554 2666 necis
1584 2604 1719 2668 arma
1747 2575 1866 2691 luit,

561 2690 710 2788 Cuius
741 2689 868 2783 fiius
898 2718 1009 2782 cum
1040 2689 1206 2782 multis
1236 2687 1488 2783 nobilibus
1520 2694 1806 2816 captiuatur.
1847 2706 1900 2787 et
1929 2722 2072 2820 quam

560 2810 782 2939 plurimis
825 2803 993 2901 occilis
1032 2806 1158 2900 Otto
1199 2805 1321 2898 Dux
1361 2803 1587 2901 Babarie.
1629 2823 1680 2904 et
1709 2808 1959 2908 liudolfus
1991 2845 2070 2909 co·

529 2986 536 3005 ,ι
561 2958 675 3136 mess
709 2924 978 3021 Palatinus.
1027 2952 1181 3050 gener
1220 2920 1391 3051 Adolfi
1438 2920 1605 3051 fugam
1648 2928 1876 3024 inierunt
1930 2928 2071 3026 Vnde
2153 2934 2159 2939 ’

564 3076 649 3140 ver
669 3075 740 3137 us.

659 3162 785 3255 Otto
817 3157 937 3253 Dux
967 3155 1164 3254 Renum
1192 3171 1313 3252 tunc
1345 3154 1523 3254 delerit
1562 3176 1615 3256 et
1656 3164 1783 3285 petit
1818 3191 1979 3258 enum.

503 3348 506 3357 ‚
655 3277 765 3372 Nec
790 3275 940 3370 trabit
959 3273 1037 3370 hic
1062 3276 1248 3369 lcutum
1271 3273 1521 3372 Rudolfus
1551 3278 1688 3403 itque
1714 3309 1976 3381 nouacum.

560 3393 775 3498 Adolfus
808 3421 928 3488 vero
958 3394 1010 3488 in
1034 3393 1263 3488 Cenobio
1292 3390 1523 3488 Rosental
1553 3393 1606 3488 fit
1635 3395 1866 3522 sepultus.
1898 3395 2072 3499 Alber·

561 3531 641 3609 tus
665 3527 830 3608 autem
854 3511 1041 3606 clectus
1067 3509 1302 3638 resignata
1327 3510 1572 3607 electione
1602 3540 1694 3638 per
1714 3512 1929 3609 triduum
1953 3529 2072 3728 aput

533 3627 966 3728 'F'ranchenfuert
1009 3633 1062 3722 in
1092 3627 1272 3754 Vigilia
1311 3626 1446 3721 beati
1474 3629 1727 3749 laurencijv
1748 3631 1809 3726 ab
1844 3632 1980 3726 omni
2015 3663 2070 3726 us

564 3747 861 3845 electoribus
905 3747 956 3839 in
987 3747 1327 3842 Romanorum
1355 3773 1524 3870 regem
1562 3744 1848 3843 secundario
1880 3746 1946 3843 est
1975 3751 2070 3845 ele·

564 3883 684 3960 ctus.
728 3861 813 3990 q'ui
843 3863 1001 3978 subito
1033 3863 1320 3990 aquisgrano
1350 3861 1573 3989 gloriola·
1591 3880 1870 3959 coronatur.
1949 3865 2071 3962 Item

562 3983 784 4076 Domina
837 3979 1095 4075 Elizabcth
1147 3982 1199 4074 in
1220 3979 1286 4086 le
1358 3983 1462 4075 enti
1500 3983 1727 4106 proximo
1768 3980 1889 4077 festo
1940 3981 2071 4078 beati

564 4098 770 4193 Martini
804 4096 942 4240 apud
972 4009 1526 4194 Nuerenberdi'multis
1555 4099 1859 4312 principibus
1891 4129 2069 4196 conue·
2147 4135 2150 4139 ¹

563 4216 814 4312 nientibus
843 4246 896 4311 m
926 4214 1265 4312 Romanorum
1294 4217 1515 4339 reginam
1587 4217 1765 4312 lorioe
1796 4233 2070 4338 coronatur.

563 4334 663 4428 Vbi
691 4362 1006 4429 romanorum
1035 4363 1125 4429 rex
1153 4332 1390 4430 Albertus
1429 4333 1537 4455 filijs
1555 4245 1660 4428 iuis
1690 4331 1939 4449 liudolfo,
1969 4336 2070 4430 Fri·

567 4449 732 4565 drico,
776 4464 826 4544 et
866 4450 1121 4578 leupoldo
1163 4467 1320 4547 terras
1363 4481 1483 4574 quas
1515 4467 1629 4546 ante
1658 4450 1935 4576 pollederat
1971 4455 2071 4547 Au·

506 4575 523 4695 J
565 4565 719 4664 striam
752 4565 960 4664 Stiriam.
990 4569 1285 4666 Carniolam.
1316 4568 1602 4666 Marchiam.
1633 4581 1886 4694 et'portus
1909 4567 2069 4664 Naon.

484 4790 493 4804 ,
567 4685 777 4782 contulit
807 4701 858 4782 et
886 4690 1134 4815 principes
1164 4685 1312 4802 facit3
1398 4682 1594 4784 Eodem
1622 4704 1847 4816 tempore
1879 4686 2001 4825 cons
2050 4736 2070 4766 ·

627 4849 636 4864 ’
1212 4818 1217 4828 ’
1408 4860 1413 4868 -
1885 4817 2014 4901 rexit
