4717 6050
543 479 586 548 Α
679 433 782 575 516¹¹
1007 403 1794 544 ui,s.c;n;n112u.o=.v·1·rt1
1886 545 1892 554 ,

626 690 747 767 cons
770 656 1035 781 corporis,
1060 651 1427 778 pontificalibus
1467 675 1592 746 raro.
1622 653 1853 768 indutus,
1884 653 1943 759 in
2004 654 2141 768 uibun

628 794 794 874 tamen
827 771 1033 868 domino
1065 769 1333 866 deseruiret
1372 769 1636 894 plurimum
1665 787 1853 870 mature
1886 787 1942 868 et
1965 675 2139 882 deuote,

628 897 676 992 se
716 890 876 1021 gessit,
908 889 1035 985 adeo
1077 903 1130 983 vt
1158 889 1254 982 suis
1285 889 1578 1009 ceremoniis
1608 889 1879 986 nonnullos
1900 889 2133 994 ,indcun

537 1093 540 1102 ,
626 1015 818 1126 tionem
849 1010 1116 1142 excitaret,
1146 1021 1201 1102 vt
1230 1009 1282 1102 in
1310 1005 1556 1102 relatione
1588 1005 2069 1121 sanctimonialium,
2089 1011 2134 1103 in

628 1127 887 1244 ordinibus
930 1127 1246 1240 clericorum,
1288 1122 1446 1220 fertur
1474 1122 1614 1229 adeo,
1636 1147 1839 1221 mentor·
1860 1127 2131 1222 iniuriarum

628 1246 795 1362 fuine,
835 1259 890 1342 vt
920 1270 1094 1341 ornnes
1126 1241 1210 1338 libi
1248 1242 1332 1339 sua
1363 1243 1602 1367 opinione
1642 1245 1842 1338 iniurias
1878 1241 2139 1337 inferentes-

627 1369 682 1477 in
709 1360 926 1490 ¹quadam
959 1375 1152 1474 cerata,
1182 1379 1332 1486 quam
1355 1362 1536 1486 iugiter
1565 1359 2034 1473 lbcumsdeferebat,
2062 1391 2129 1454 ex·

631 1497 795 1580 aratos
818 1479 1044 1577 tenuisset
1064 1475 1128 1572 ad
1154 1493 1379 1572 mortem.
1440 1475 1605 1572 Multa
1627 1493 1732 1574 arte
1754 1478 1847 1574 suis
1869 1476 2044 1572 diebus
2064 1508 2130 1570 ex·

628 1597 1007 1697 actionabantur
1051 1592 1260 1709 Clerici,
1299 1597 1353 1689 in
1383 1593 1681 1690 lnuellituris
1721 1595 1784 1689 ad
1816 1593 2130 1692 beneficiam

630 1714 1082 1816 consecrationibus
1113 1712 1446 1829 ecclesiarum,
1477 1714 1530 1806 in
1551 1712 1989 1820 benedictionibus
2010 1742 2130 1840 para·

545 1847 548 1854 '
629 1850 909 1934 mentorum
945 1827 1174 1926 ecelenae.
1225 1829 1572 1950 Concubinarij
1594 1831 1784 1939 ,Clerici
1817 1831 2005 1925 mulcta
2034 1825 2131 1922 data

629 1969 682 2049 et
720 1953 878 2049 soluta
918 1945 1154 2042 sedebant
1193 1977 1306 2042 cum
1338 1949 1443 2072 {suis
1484 1949 1675 2070 forarijs
1754 1952 1898 2043 uicti·
1959 1949 2127 2042 fiAnno

629 2071 821 2184 domini
851 2063 1261 2180 MCCCCXIIIL
1280 2066 1411 2162 circa
1441 2066 1675 2170 calendas
1722 2116 1749 2172 ι.
1770 2064 2018 2166 ouembris
2057 2064 2133 2156 ini·

628 2193 803 2285 tiatum
845 2185 910 2280 est
951 2181 1247 2279 Constantiae
1326 2184 1525 2278 enerale
1568 2188 1859 2298 concilium,
1903 2181 1971 2278 ad
2013 2176 2140 2306 quod¹

631 2305 867 2433 prefatus
911 2299 1073 2428 episco
1112 2329 1168 2394 us
1211 2215 1536 2426 pedonaliter
1567 2305 1731 2419 venit,
1763 2303 1933 2428 ibique
1962 2314 2128 2396 tantan

631 2423 864 2519 notitiam¹
906 2449 1018 2526 cum
1097 2418 1378 2542 igismundo
1419 2419 1759 2518 Romanorum
1799 2449 1919 2546 rege
1959 2430 2132 2512 contra.

602 2543 731 2654 ait,
783 2554 838 2634 vt
878 2541 983 2632 eius
1025 2537 1335 2662 praesentiam
1384 2537 1489 2642 sibi·¹
1517 2537 1828 2634 necessariam
1872 2536 2137 2641 aestimaret,-

631 2659 787 2783 ipsum
829 2685 1031 2781 quoque
1063 2653 1423 2752 Cancellarium
1456 2657 1643 2794 irnperij
1689 2655 2014 2750 constitueret
2068 2648 2129 2743 Ac

451 2823 454 2828 ·
549 2845 552 2852 -
606 2774 837 2886 tandem
868 2786 1065 2868 mortuo
1089 2773 1273 2869 Ioanne
1303 2771 1619 2901 Strigontensl
1647 2773 1967 2896 Archiepisco
2005 2762 2137 2862 ofibi.

528 2970 532 2978 ,
635 2889 837 2988 tandem
881 2889 1129 2984 ecclesiam
1173 2889 1395 2985 traderet
1432 2894 1484 2983 in
1528 2887 1898 2984 Commendam.
1967 2800 2021 2982 fn
2048 2907 2136 3005 qua.

635 3009 753 3105 dum
793 3009 936 3109 annin¹
1003 3008 1153 3113 aucis,
1178 3004 1367 3101 sedisset
1416 3008 1533 3133 quia
1561 3007 1758 3101 vetulus
1789 3023 1840 3103 et
1872 2999 2126 3108 exhaustus,

559 3128 566 3140 '
630 3122 836 3221 tandem
877 3038 1193 3261 indlngaria
1217 3155 1281 3217 ex
1309 3124 1507 3221 fervore
1537 3124 1737 3250 Augusti
1768 3124 1967 3247 (melfis)
1997 3116 2136 3253 febris.

635 3242 902 3337 constructa
938 3239 1081 3365 rpsrus
1122 3241 1399 3365 praecordia
1430 3241 1490 3337 lle
1519 3240 1584 3347 de
1621 3242 1841 3356 ascebat,
1876 3257 1929 3335 vt
1953 3254 2001 3340 et
2028 3248 2132 3331 tuta·¹

633 3361 734 3455 lem
765 3358 982 3484 spiritum
1020 3374 1346 3483 compunctus
1361 3443 1374 3467 ,.
1389 3376 1440 3457 et
1466 3357 1533 3458 ad
1620 3380 1733 3457 curn·
1750 3362 1853 3485 'pro
1886 3356 2028 3453 venia
2056 3376 2126 3474 po·

637 3476 855 3573 stulanda
888 3490 1148 3613 cogeretur
1170 3476 1383 3571 exalaret
1438 3477 1658 3571 Delatus
1682 3477 1746 3569 eli
1771 3507 1864 3603 per
1888 3476 2125 3579 Wiennam

424 3687 427 3699 .
596 3622 598 3627 ’
634 3594 699 3689 ad
727 3593 983 3688 Patauram
1015 3592 1182 3731 ibique
1217 3624 1328 3687 cum
1361 3594 1792 3719 praedecessoribus
1823 3597 1917 3691 suis
1947 3585 2126 3697 traditur

640 3710 930 3850 sepulturae,
962 3709 1084 3923 obgt
1113 3740 1164 3804 m
1186 3712 1278 3805 ‘die
1312 3709 1483 3806 Sancti
1513 3710 1690 3807 Ciriaci
1720 3714 1962 3840 martyris.
2000 3706 2124 3830 Atlssq

645 3830 835 3968 donum
882 3824 1024 3923 MCC
1069 3824 1294 3924 CXXlll.
1404 3828 1605 3925 Hicde
1643 3828 1816 3926 fauore
1844 3812 2124 3971 nigimundt

635 3978 765 4072 regis
796 3945 1136 4057 Romanorum
1156 3947 1730 4072 .partem,rehqu1arum,
1765 3947 2030 4053 ¹uasfrdem
2056 3956 2123 4027 rex

637 4064 700 4159 de
732 4064 976 4165 Bohemia
1011 4079 1218 4202 propter
1245 4065 1752 4190 persecutionedeu
1787 4082 1963 4165 aterum
1994 4058 2121 4151 haere·
2227 4143 2228 4154 Ν

635 4184 847 4320 ticorum
895 4179 1127 4295 duxerat,
1157 4212 1223 4275 nn
1254 4182 1504 4286 ecclesiam
1524 4182 1882 4286 ‚Patauiensem
1922 4182 2117 4391 &PJmltl'

638 4314 723 4393 urt
823 4297 1046 4425 Reliquit
1086 4298 1336 4407 ecclesiam
1365 4300 1718 4406 ‚Patauiensem
1760 4303 1926 4399 multis
2000 4289 2117 4386 ebra

639 4429 922 4532 oneratam,
951 4448 982 4511 a
1005 4447 1103 4541 qua
1132 4431 1187 4512 et
1216 4416 1418 4515 castrum
1446 4415 1771 4545 Schonpuhcl
1803 4452 1900 4515 vna
1929 4442 2031 4517 cum
2056 4426 2117 4495 ⁰⁸⁴

639 4534 733 4629 ltro
748 4531 984 4633 ,Tresbur
1092 4562 1217 4676 rope
1246 4534 1454 4639 liberam
1470 4538 1736 4633 ciuitatem
1775 4539 1829 4634 in
1844 4538 2117 4677 perpetuum

639 4649 911 4789 vendendo
943 4562 1269 4778 eberburde
1294 4652 1634 4800 ·S,tarkenberg
1661 4638 2119 4870 etbatudsufflgss

711 4842 714 4848 ·
778 4828 780 4837 '
820 4834 825 4867 t
1241 4838 1250 4878 ,-
1293 4839 1300 4872 ,¹
1331 4820 1335 4825 ’
1370 4836 1376 4850 ·
1508 4805 1512 4812 ’
1855 4856 1859 4864 .
1918 4796 1969 4869 ac

2226 4161 2228 4256 l

2226 4481 2228 4600 l
