4717 6050
479 616 483 625 .
520 502 926 645 cunourcon
961 452 1527 589 c'ienntnannnan
1670 542 1746 615 393

284 710 408 817 lium
449 729 683 929 repetens
721 719 814 843 per'
842 712 1042 808 leonem
1073 740 1267 837 papam·
1306 712 1460 839 pallio
1495 713 1560 807 est
1590 688 1823 810 donatus

291 854 342 935 et
373 835 507 932 eccle
526 865 621 930 ram
664 848 716 928 et
746 831 1015 958 capitulum
1051 830 1194 926 bonis
1226 832 1454 926 omnibus
1486 833 1708 965 exaltans
1750 837 1802 926 in

287 982 413 1083 pace
445 954 646 1079 quieuit.
719 951 824 1074 Hijs
844 948 1149 1161 temporibus
1181 980 1295 1042 acce
1334 948 1374 1043 it
1404 947 1635 1060 ducatum
1658 947 1803 1043 baba·

104 1116 109 1123 ·
202 1124 208 1137 ‚
286 1074 360 1169 rie
391 1070 491 1167 dux
520 1065 774 1166 Arnoldus
816 1068 951 1163 eccie
970 1096 1124 1162 1arum
1164 1066 1280 1159 inva
1303 1096 1358 1160 or
1396 1093 1488 1191 per
1517 1067 1805 1175 Hainricum
1911 1082 1917 1089 ·

288 1218 457 1329 regern
525 1188 659 1328 Item·
681 1184 873 1281 sanctus
905 1183 1163 1321 Vdalricus
1194 1182 1419 1396 Aupuste·
1435 1179 1612 1278 floruit
1679 1182 1826 1322 Item¹
1996 1281 1999 1285 ,

289 1299 838 1519 ΕιξοΙι-’Ῑιὲἰιξήξὲιΐὲἓῖυε
857 1316 1176 1430 maguntinus
1195 1331 1287 1427 per
1309 1317 1503 1428 equrtur
1533 1300 1807 1398 monachos

784 1420 980 1517 ohanne
1011 1448 1155 1544 papa.

409 1536 571 1633 dcccc.
585 1540 684 1633 xlv.
724 1536 1042 1636 Adalwertus
1074 1534 1469 1675 archiepiscopus
1500 1532 1643 1648 Sedit
1671 1549 1807 1659 pata·

291 1654 360 1751 uii
391 1658 534 1751 annis
554 1688 668 1751 xxv.
758 1656 845 1751 Iste
888 1655 960 1751 nil
1000 1652 1310 1795 magnificum
1352 1670 1453 1782 egrt
1494 1653 1610 1792 quia
1638 1653 1810 1864 ungari
1965 1659 1968 1665 ’
2105 1680 2112 1699 ·

237 1854 243 1865 ,
289 1774 598 1899 provinciam
630 1772 939 1871 uastauerunt
1010 1773 1116 1897 Hns
1148 1785 1248 1866 tem
1287 1775 1454 1870 oribus
1485 1771 1562 1865 brs
1592 1770 1699 1863 cele
1737 1802 1808 1863 ra·

290 1904 372 1984 tur
400 1890 618 2016 synodus
648 1890 733 1987 sub
766 1894 960 1987 Ottone
992 1920 1173 2029 magno
1231 1806 1389 1983 item
1420 1892 1611 1983 sanctus
1636 1886 1809 1981 Wolff·

289 2036 479 2146 gangns
513 2008 678 2105 floruit
748 2008 876 2103 Item
904 2008 1171 2134 Imperrum
1202 2006 1488 2103 transfertur
1517 2012 1568 2099 in
1597 2003 1809 2101 thewtu·
1846 2134 1851 2141 ἡ

324 2156 432 2221 rcos
1057 2162 1060 2166 ·

288 2155 323 2227 n
367 2354 373 2359 ¹
410 2240 697 2364 dcccclxxj.
748 2240 1031 2381 Piligrimus
1071 2238 1465 2367 archiepiscopus
1493 2236 1636 2333 Sedit
1704 2252 1812 2335 ata·
1977 2296 1981 2309 .

266 2358 360 2451 uii
390 2359 532 2455 annis
554 2360 652 2451 xix.
695 2354 778 2451 iste
798 2357 894 2454 furt
917 2360 992 2454 vir
1013 2356 1298 2487 magnificus
1330 2372 1381 2451 et
1406 2269 1707 2452 ecclefiami

131 2504 134 2512 ·
289 2474 481 2570 strenue
521 2475 649 2571 rexit
692 2504 840 2601 quarn
880 2475 1052 2570 babari
1083 2507 1205 2573 occu
1244 2490 1447 2569 anerant
1488 2488 1538 2568 et
1570 2470 1809 2567 destruxe-

288 2606 402 2687 rant
440 2592 643 2718 ingenio
686 2605 868 2729 magno
884 2608 952 2703 ⁴et
982 2594 1167 2688 auxilio
1206 2508 1283 2688 im
1322 2607 1567 2703 erutorum
1607 2605 1811 2685 reuocat

28 2780 29 2793 t
81 2707 85 2715 '
166 2786 177 2807 .
290 2705 572 2917 Capitulum
604 2738 804 2834 quoque
836 2710 1172 2805 uniuersaliter
1200 2742 1255 2806 re
1281 2710 1506 2804 ormauit.
1573 2708 1702 2803 Huic
1727 2707 1811 2801 be·

209 2882 211 2889 ·
289 2856 354 2920 nc
393 2829 519 2917 ictus
561 2856 694 2962 papa
734 2824 942 2961 pallium
983 2822 1124 2922 dedit
1224 2827 1313 2921 Iste
1359 2825 1571 2920 contulit
1611 2824 1811 2920 ecclesie

289 2940 448 3037 nostre
474 3028 479 3040 .
502 2941 679 3070 predia
719 2971 851 3037 crrca
900 2940 1123 3037 Trunam
1173 2960 1226 3039 et
1276 2942 1530 3039 Hausruck
1577 2957 1628 3037 et
1669 2943 1812 3039 ascha

291 3059 585 3154 Othachero
624 3059 901 3154 marchioni
941 3059 1107 3182 Styrie
1148 3061 1250 3157 filio
1284 3061 1523 3158 Otachari
1551 3063 1813 3186 pecierunt

291 3179 409 3298 (Ita
448 3177 630 3297 Codex)
683 3175 844 3270 Huius
888 3190 989 3269 tem
1029 3205 1114 3270 ore
1161 3178 1414 3302 apostolici
1453 3177 1611 3272 resum
1649 3179 1814 3273 serunt
1990 3178 1998 3192 ¹

287 3295 342 3386 in
384 3290 624 3422 festituras
666 3291 777 3414 (itu
823 3207 1024 3414 Codexs'
1064 3293 1371 3390 ecclefiarum
1446 3325 1534 3388 uas
1580 3211 1812 3389 adrianus

290 3427 422 3535 pa'pa
458 3409 647 3503 Karolo
678 3433 860 3534 magno
903 3408 1185 3524 contulerat
1222 3409 1324 3506 Sed
1363 3323 1685 3506 reddentibus
1720 3410 1814 3504 Im·

289 3527 597 3741 peratoribus
632 3523 858 3619 'dissensio
899 3543 1169 3651 propterea
1208 3529 1261 3621 in
1294 3526 1496 3624 ecclesia
1535 3527 1601 3624 est
1640 3542 1815 3637 exorta

316 3660 415 3740 tem
447 3645 499 3737 in
531 3640 695 3738 altach
728 3669 789 3736 ex
822 3641 1012 3738 clericis
1047 3645 1281 3740 monachi
1310 3643 1445 3741 siunt
1525 3655 1535 3664 ’

410 3745 573 3857 dcccc.
587 3761 695 3855 xci'.
731 3755 1028 3856 Christianus
1049 3763 1308 3888 episcopus
1331 3763 1457 3860 sedit
1478 3760 1814 3890 patauii.·xxij.

292 3881 435 3976 annis
472 3877 559 3972 Iste
600 3793 682 3972 nid
717 3875 837 3972 clari
911 3879 1027 3974 essit
1053 3895 1104 3972 et
1143 3878 1240 3994 stne
1280 3882 1438 4008 pallio
1479 3880 1678 3977 deceffit
1716 3878 1815 3974 Hic

289 3999 544 4124 usurpauit
571 3991 747 4120 predia
780 3907 979 4136 eccfese
1003 3996 1168 4094 nostre·
1186 3998 1244 4092 ln
1267 4000 1550 4126 petenpach
1582 3995 1685 4093 Sed
1705 4012 1814 4091 tan·
1848 4090 1853 4098 .

291 4115 405 4212 dem
435 4116 649 4209 restituit
678 4113 774 4210 Hie
807 4143 963 4208 ecram
992 4115 1294 4240 spiritualem
1310 4118 1392 4213 fibi
1412 4113 1814 4213 iurisdiocionem

290 4235 343 4328 in
372 4233 532 4328 nostra
564 4231 764 4326 ecclesia
795 4227 1067 4328 uindicauit
1104 4232 1251 4328 Vnde
1295 4235 1415 4331 dicit
1453 4237 1505 4328 in
1545 4233 1724 4373 priuile
1759 4233 1812 4326 io

289 4349 874 4446 Krembsmunsterensem
917 4349 1170 4447 ecclesiam
1224 4353 1354 4448 sacre
1397 4351 1663 4479 pataurensi
1730 4349 1814 4445 edi

289 4469 427 4562 Iure⁴
458 4467 683 4594 legitimo
737 4469 1071 4596 pertinentem
1190 4469 1304 4566 Hoc
1346 4487 1573 4596 tempore
1616 4469 1813 4567 sanctus

1698 2388 1811 2449 uam
1892 2402 1895 2419 ·

291 4581 625 4684 Godehardus
648 4584 802 4702 abbas
822 4585 989 4686 floruit
1013 4603 1065 4684 et
1088 4588 1281 4686 sanctus
1307 4587 1664 4707 Collomannus
1685 4615 1815 4723 mar·
1973 4613 1977 4620 ·

289 4704 509 4800 tirizatur

354 4939 581 5087 utu,
1022 4935 1178 5044 unu
1571 4937 1754 5062 Mani.
