4717 6050
614 498 1075 603 3rrrscor1
1144 496 1465 584 sarar.
1673 527 1754 621 y„

249 774 256 789 ι
292 716 400 809 runi
432 704 599 806 varias·
627 708 982 807 alternationes
1020 693 1839 832 populorum‘transrnigrationes·
1872 676 1881 683 ”

296 843 349 923 et
394 858 525 921 nunc
569 824 921 938 Tyrannorum
960 826 1202 917 immanes
1245 823 1588 937 crudelitates,
1658 818 1807 915 Nunc

295 974 417 1039 vero
452 972 568 1038 aura
600 930 780 1038 l‘euiori
814 941 1050 1080 spirante,
1081 940 1280 1064 populis
1326 970 1354 1033 e
1388 942 1591 1065 regione
1635 932 1838 1033 solatia.
1996 947 2012 955 ’

330 1062 508 1155 ‚artium
532 1059 710 1153 harum
745 1072 989 1182 utrimque
1032 1052 1263 1169 duratura
1306 1054 1579 1180 persensisse
1623 1082 1809 1178 cogno-¹

292 1093 501 1288 lieren,
523 1176 699 1300 quibus
723 1175 986 1299 plurimum
1005 1170 1362 1311 prepediuntur
1371 1169 1637 1266 scribentes
1657 1173 1807 1265 etiam

281 1296 439 1419 ,copia
468 1307 524 1385 vt
568 1307 807 1430 cogantur
837 1294 1187 1403 intermittere,
1229 1320 1286 1383 ac
1318 1292 1415 1381 iarn
1444 1286 1667 1413 perfecta
1705 1290 1811 1379 ine·
1904 1336 1911 1355 =

292 1408 526 1505 mendata
562 1410 842 1535 relinquere
871 1420 960 1499 aut
988 1409 1088 1501 iarn
1122 1407 1372 1544 completa
1398 1417 1448 1498 et
1472 1402 1733 1499 emendata
1755 1404 1820 1496 in·

29 1525 31 1533 ’
128 1578 129 1582 ¹
294 1540 490 1621 exteras
516 1539 695 1649 gentes
731 1538 781 1618 et
814 1522 1121 1618 obliuionem
1153 1521 1405 1616 deuenrre‘.
1466 1519 1564 1614 Sed
1583 1522 1711 1659 'quia
1740 1518 1810 1613 se·

294 1640 524 1739 reniffimi
555 1640 796 1767 Principis
830 1638 1133 1752 etc-domini,
1186 1638 1377 1749 domini
1406 1636 1644 1732 Fridenci
1685 1635 1814 1729 Ter·⁴

132 1830 135 1839 .
296 1761 360 1853 cii
388 1756 731 1851 *Romanorum
763 1758 1087 1881 Imperatoris
1102 1756 1299 1881 semper
1332 1760 1414 1850 Au
1520 1757 1559 1870 ',
1584 1782 1814 1848 necnon
1960 1868 1963 1874 Ι
2050 1844 2054 1847 ,
2204 1779 2207 1784 ·

294 1874 497 1971 Aullriae
529 1872 690 1968 Stiriae
723 1873 990 1969 Carinthiae
1036 1876 1186 1995 atque
1228 1871 1411 1966 Carnio
1432 1903 1473 1963 ae
1515 1868 1817 1965 Ducis-etus

293 1988 552 2109 mundatis·
576 1992 927 2117 obtemperans
960 2017 1117 2111 pauca
1150 1989 1213 2083 dc
1246 1986 1388 2113 gestis
1431 2001 1594 2079 ortum
1634 2001 1685 2078 et
1729 2016 1813 2079 oca·

293 2108 453 2201 casum
476 2105 814 2203 Romanorum
836 2134 1007 2230 regum
1026 2102 1254 2227 depinxi,
1284 2101 1644 2197 Aullriaeetiam
1658 2100 1812 2195 Chro-

283 2226 464 2348 ¹uicarn
493 2254 640 2360 quarn
669 2223 731 2317 de
756 2237 996 2333 ¹materna
1027 2220 1196 2346 lingua
1224 2222 1276 2313 in
1308 2219 1516 2313 latinum
1550 2218 1813 2311 transtule-

294 2368 428 2450 ram,
461 2336 544 2432 srbi
578 2335 871 2463 quibusdam
906 2333 1085 2431 additis
1120 2338 1198 2429 seu
1230 2338 1451 2449 resectis,
1483 2331 1673 2435 eisdem
1695 2364 1814 2427 con·
1942 2433 1945 2437 ,

292 2468 496 2553 nectere
528 2452 760 2569 decretu,
789 2469 844 2549 vt
876 2454 1020 2547 vnius
1045 2454 1315 2551 voluminis
1340 2455 1665 2577 quantitatem
1684 2455 1814 2553 ‘meis

293 2571 482 2694 scriptis
521 2570 777 2663 efficerem.
854 2571 1019 2665 Etiam
1051 2585 1287 2695 quantum
1331 2600 1394 2663 ex
1430 2566 1638 2661 diuerlrs·
1669 2568 1811 2662 hillo-

293 2688 386 2805 rijs.
412 2687 685 2782 extrahere·
709 2688 851 2812 potui
889 2686 1208 2895 sgiritualium
1247 2700 1441 2810 patrum
1479 2684 1815 2809 Archipraesu·

292 2802 395 2897 lum
432 2815 483 2897 et
516 2802 857 2927 episcoporum
939 2805 1047 2920 uius
1090 2804 1296 2897 ducatus
1336 2800 1674 2927 principaliter
1720 2800 1814 2895 Ca·

213 2948 214 2953 ‘
300 2919 554 3039 thalogum
604 2919 857 3011 inunum
903 2918 1210 3012 conscribere
1253 2925 1358 3042 no'n
1404 2920 1584 3013 inutile
1621 2919 1853 3037 censui,

172 3059 173 3062 ‘
295 3035 360 3127 ad
389 3032 695 3135 incitandum
717 3035 1061 3158 ‘undecunque
1088 3035 1360 3162 legentium
1379 3038 1572 3129 animos
1595 3034 1666 3128 ad.
1685 3037 1813 3160 ipso·
1905 3109 1909 3118 .

294 3181 401 3246 rum
472 3150 566 3247 ella
603 3149 701 3248 deo
737 3150 887 3273 digna
916 3151 1180 3244 sectatores
1205 3151 1427 3265 efficere,
1486 3151 1650 3247 Multa
1673 3151 1815 3278 liqui·

297 3265 411 3364 dem
504 3295 567 3358 na
589 3266 805 3359 asserunt
838 3264 1009 3360 talium
1050 3263 1303 3389 descripta
1336 3296 1515 3389 opera,
1553 3267 1686 3361 Laus
1728 3268 1813 3362 dei
1975 3311 1980 3321 ·

294 3379 538 3476 suboritur
569 3411 678 3475 curn
711 3382 795 3476 itta
825 3381 1083 3506 leguntur,
1112 3383 1352 3504 memoria
1373 3382 1633 3504 dignorum
1654 3386 1815 3479 extol·

296 3498 437 3611 litur,
477 3495 792 3623 indignorum
828 3528 948 3607 vero
991 3497 1245 3591 sollicitius
1283 3513 1615 3621 praeconetur,
1644 3517 1707 3594 -ct
1723 3528 1736 3596 ·,
1747 3499 1813 3594 ad

200 3695 203 3706 .
292 3615 688 3739 persecutionem
717 3611 1062 3726 laudabilium,
1095 3629 1147 3709 et
1179 3613 1345 3741 fugam
1376 3613 1710 3710 indecentium
1741 3617 1813 3711 le·
1867 3731 1871 3735 q
1938 3728 1942 3734 ‚

331 3734 741 3831 entium'mentes
773 3731 982 3870 amplius
1012 3732 1401 3846 inflammantur,
1443 3746 1494 3825 et
1522 3733 1686 3827 honor
1726 3731 1810 3828 dei

346 3855 453 3942 ruis
475 3849 684 3986 amplius
717 3847 888 3945 crescit
917 3861 967 3941 et
998 3849 1295 3963 cumulatur,
1324 3847 1612 3943 lnfidelibus
1647 3880 1814 3946 meror

21 3958 24 3983 '
155 4059 174 4084 ‚q
294 3997 362 4060 na
383 3969 506 4060 citur
516 4033 536 4078 ,.
554 3996 612 4056 in
647 3963 912 4062 incredulis
942 3963 1074 4061 liuor
1104 3969 1323 4061 exoritur
1353 3981 1406 4060 et
1426 3964 1665 4091 angustia,
1692 3967 1812 4062 lide·

284 4081 429 4178 ¹libus
459 4110 659 4206 quoque
682 4080 933 4176 succrescit
954 4083 1136 4176 ruentis
1155 4083 1402 4197 hilaritas,
1430 4083 1813 4178 constantinens-

289 4213 571 4338 ruorurnet
598 4197 940 4408 promftitudo
964 4195 1028 4291 ad
1048 4196 1215 4334 sunilia
1234 4199 1384 4326 digna
1404 4203 1649 4294 exercitia
1677 4201 1812 4296 Post·
1911 4202 1918 4219 ‘

298 4345 445 4440 quarn
475 4331 621 4438 rgrtur
652 4346 743 4410 coe
766 4345 907 4408 ocum
936 4339 1025 4408 rex
1053 4314 1269 4412 misereri
1299 4318 1486 4431 voluit,
1514 4349 1584 4441 po
1619 4318 1704 4413 ulo
1724 4318 1814 4415 suo

296 4461 392 4557 pro
421 4459 537 4567 rege
568 4431 826 4552 Babilonis
856 4430 1058 4526 diabolo
1090 4432 1272 4530 diutius
1314 4433 1558 4528 idolatriae
1582 4351 1813 4566 {ordibus

296 4565 447 4672 graui⁸
465 4579 583 4672 rugo
611 4547 845 4674 fatigato,
873 4577 963 4672 per
992 4546 1169 4664 lolem,
1212 4550 1449 4644 Christum
1480 4552 1546 4647 de
1574 4551 1707 4677 stella
1736 4556 1817 4647 la-.

299 4661 399 4760 cob
425 4668 739 4790 progenitum
775 4663 992 4790 dispersis
1024 4694 1115 4788 per
1146 4668 1317 4766 orbern
1348 4669 1498 4789 radiis
1533 4669 1651 4763 fidei
1687 4670 1811 4763 dils-

296 4774 461 4892 tandae
490 4811 746 4909 praecones
771 4783 882 4882 suos
900 4782 1217 4996 Eufftseficae
1237 4786 1462 4885 veritatis
1482 4787 1814 5000 undiqugper

293 4959 295 4964 -
440 4957 443 4966 .
846 4965 849 4971 -
1019 4929 1123 5000 112
1613 4935 1670 5002 or
1705 4936 1751 5002 rs
