4717 6050
529 444 553 479 Ὅ
694 438 1378 565 UHROMVSTRIAO.
1564 472 1571 490 ⁸
1676 516 1748 588 271
1860 570 1864 579 ,

167 764 194 777 ,,
277 656 599 793 etiamitibusss
618 661 714 819 iiio
728 680 868 817 sig'no
882 648 1098 783 *deiie'r'at
1120 674 1344 783 cla'r'nare.
1366 638 1724 821 Praga.‘praga.
1751 678 1826 793 et¹

279 807 492 906 euilibet
515 810 680 937 album
701 808 905 943 peplum
929 808 1057 899 circa
1080 806 1261 900 coslum
1285 822 1399 901 ante
1426 823 1476 903 et
1497 827 1631 911 retro
1652 814 1801 939 usque

278 924 351 1022 -a'd
367 920 893 1052 cing'uluminmodum
906 920 1024 1019 stole
1038 920 1266 1063 dyaconi.
1289 924 1446 1051 srcque
1468 924 1656 1023 beilum
1670 935 1810 1026 comi
1981 1001 1990 1011 .

284 1046 469 1138 missurn
493 1043 564 1136 esi
581 1042 656 1139 ab
678 1042 908 1166 utrisque.
981 1042 1038 1135 In
1059 1072 1158 1166 quo
1181 1070 1341 1168 primo
1367 1044 1597 1139 conflictu
1618 1046 1800 1143 Roma·

283 1186 460 1257 norum
494 1192 584 1256 rex
618 1160 778 1283 occisa
815 1158 1083 1285 aquodam
1109 1160 1198 1254 sub
1215 1192 1282 1274 eo
1306 1161 1574 1259 Dextrario
1633 1164 1800 1260 ro‘sira·

283 1294 362 1374 tus
388 1283 439 1401 in
462 1296 643 1374 terram
658 1271 897 1406 ‚prufflijt
921 1268 1003 1371 sed
1019 1280 1127 1395 :cito
1162 1308 1191 1371 a
1213 1279 1304 1374 suis
1329 1277 1555 1377 fideiibus
1597 1282 1797 1377 ubleua·

259 1411 376 1492 tus.
395 1400 572 1521 iterum
595 1394 658 1489 ad
676 1422 892 1523 pugnam
914 1424 1005 1521 pro
1067 1394 1239 1490 editur.
1278 1398 1357 1491 'Et
1389 1427 1505 1493 ecce
1538 1402 1712 1493 mirum
1744 1403 1797 1496 in

283 1514 486 1609 modum
499 1526 642 1609 *totus
670 1514 912 1607 exercitus
937 1510 1019 1607 Bo¹
1053 1540 1273 1638 amorum
1296 1516 1561 1640 superatus.
1583 1532 1721 1645 terga
1743 1520 1797 1613 in

275 1631 449 1759 ¹sugam
473 1640 738 1727 verterunt.
763 1630 937 1725 reiicto
963 1627 1079 1759 iege
1102 1633 1187 1726 suo
1216 1608 1334 1759 solo.
1395 1632 1516 1727 Pars
1533 1650 1696 1729 autem
1711 1632 1795 1729 ad·

226 1774 229 1781 ’
278 1751 416 1843 uersa
452 1780 539 1846 eos
563 1749 877 1877 insequentes
912 1746 1007 1843 fine
1039 1746 1320 1844 defenuone
1354 1780 1441 1845 eos
1468 1750 1793 1849 trucidabant.

259 1868 395 1965 Asia
422 1896 543 1964 vero
575 1898 690 1994 pars
714 1868 765 1961 in
788 1862 840 1959 fu
876 1857 1123 1961 atrausrre
1149 1859 1351 2006 cupiens
1379 1869 1794 1997 submergebatut⁴

146 2006 150 2013 ’
274 1983 655 2099 Descenderunt
675 1987 728 2081 in
750 2016 868 2113 prol
900 1981 1053 2077 ndum
1076 1977 1430 2112 gurgrtiaquafi
1453 1985 1593 2111 lapis.
1613 1989 1665 2079 in
1689 2019 1793 2083 mo·

275 2105 413 2201 dum:
431 2104 683 2237 quondam
708 2102 1030 2229 egypciurum
1064 2106 1113 2192 i'n
1138 2103 1260 2193 mari
1284 2102 1446 2194 rubro,
1521 2103 1625 2196 lam
1660 2106 1793 2198 enim
1818 2126 1823 2135 ·
1940 2183 1948 2195 .

204 2276 208 2282 ·
268 2257 304 2321 -e
343 2254 433 2318 uor
464 2222 732 2350 spumantis
755 2219 990 2313 elementi
1025 2219 1077 2309 in
1102 2246 1326 2331 cruorem
1350 2218 1484 2310 suum
1516 2233 1793 2315 mutauerat

271 2256 510 2437 vitorem.
545 2353 595 2432 et
618 2337 808 2461 sanguis
834 2335 1103 2430 occisorum
1136 2348 1188 2427 et
1211 2334 1578 2428 vulneratorum
1604 2366 1661 2431 ac
1678 2337 1790 2431 sub·

272 2458 554 2553 mersorum.
586 2454 729 2593 super
759 2451 916 2590 undas
949 2452 1154 2577 gurgitis
1185 2451 1381 2548 fluebat
1437 2450 1615 2546 Plures
1641 2456 1791 2549 etiam

265 2606 337 2670 ex
361 2574 432 2669 eis
458 2606 488 2667 a
511 2600 742 2667 comams
765 2584 912 2694 eaptr.
947 2568 1193 2663 vinculati
1223 2557 1482 2662 vulnerati.
1509 2568 1792 2663 miserabili·
1907 2590 1910 2595 ·
2049 2622 2054 2633 ·

266 2706 349 2788 ter
369 2686 774 2783 Deducebantur.
804 2686 960 2811 raptis
982 2698 1032 2777 et
1050 2684 1270 2809 spoliatis
1290 2684 1526 2779 thesauris
1547 2685 1788 2809 regisBo·
1814 2790 1819 2798 ,

270 2808 543 2903 hemorum.
573 2806 624 2900 in
648 2799 862 2897 turribus
893 2802 1018 2894 etin
1037 2802 1262 2922 tentorijs
1289 2801 1381 2895 suis
1414 2815 1465 2896 et
1487 2803 1684 2897 'suorum
1712 2805 1786 2897 in·

268 2924 442 3023 ventis.
506 2916 721 3044 Quidam
754 2920 903 3014 etiam
937 2917 1016 3040 alij
1053 2920 1312 3012 venientes
1345 2920 1449 3046 regi
1469 2917 1712 3015 Bohemie
1733 2924 1788 3016 in

268 3041 580 3138 adiutorium.
611 3068 721 3134 cum
743 3037 947 3162 ¹copiosa
970 3034 1299 3130 multitudine.
1326 3051 1441 3131 ante
1512 3069 1591 3132 arn
1649 3067 1787 3134 erue·

266 3163 432 3256 nitent
454 3157 518 3252 ad
546 3157 814 3251 exercitum
839 3151 1067 3264 videntes
1092 3167 1142 3246 et
1162 3152 1418 3249 audientes
1467 3155 1595 3247 usam
1665 3156 1784 3251 ohe-

267 3299 473 3372 murum.
488 3273 677 3395 (aciem)
699 3267 1282 3394 reuertentes'fugieumt
1303 3269 1449 3394 etipsr
1473 3271 1652 3397 absque
1672 3305 1782 3399 per·
1813 3347 1820 3384 ·.

165 3467 168 3474 ·
264 3397 499 3490 secutore.
540 3387 773 3482 Miserum
786 3383 977 3480 virsisses
990 3385 1319 3510 spectaculum
1343 3388 1394 3478 in
1420 3417 1594 3513 campo
1619 3391 1781 3486 iacen-
1874 3416 1889 3425 ‘

156 3523 160 3530 '
266 3512 395 3607 cium
426 3503 761 3630 jnestima‘bisia
796 3522 1005 3629 corpora
1035 3501 1291 3596 hominum
1323 3505 1605 3600 occisorum.
1639 3508 1780 3602 cad-a·

265 3657 383 3725 uera
396 3652 636 3752 equorum
648 3621 1084 3716 innumerabilium
1096 3622 1148 3713 in
1160 3620 1244 3715 suo
1257 3650 1429 3720 cruore
1441 3624 1780 3720 volutancium
1840 3670 1849 3688 ·

263 3745 447 3841 viscera
461 3743 682 3858 ‚heroum
718 3771 747 3833 a
772 3738 975 3834 canibus
1007 3751 1058 3832 et
1079 3737 1250 3833 auibus
1274 3741 1778 3838 circumtrairenciuna

264 3881 441 3960 etnon
464 3875 569 3956 erat
593 3859 676 3984 qui
702 3859 747 3950 se
786 3850 941 3950 eliret.
1014 3855 1119 3981 Ipse
1145 3870 1308 3950 autem
1329 3887 1419 3955 rex
1437 3856 1779 3953 Bohemorum
1805 3909 1810 3918 ·

261 3981 473 4080 inclitus.
517 3975 579 4070 ab
625 3887 849 4072 hostiius'
882 3974 1083 4098 capitur.
1108 3973 1343 4071 trahitur.
1388 3977 1674 4100 percutitur.
1713 3974 1775 4070 ab

264 4129 393 4227 equo
432 4097 617 4191 eicitur.
655 4123 684 4185 a
718 4088 1010 4187 'erchtoldo
1043 4091 1287 4218 Dapifero
1321 4092 1386 4188 de
1410 4093 1776 4190 Emmerberch.

221 4245 224 4250 ’
260 4249 317 4312 ae
334 4209 445 4334 alijs
470 4213 636 4308 multis
653 4241 723 4306 no
761 4209 906 4304 ilibus
931 4209 1135 4302 nimium
1166 4208 1309 4303 sessus
1331 4213 1382 4303 in
1404 4223 1584 4303 terram
1606 4210 1775 4304 Deici·

257 4351 351 4431 tur.
377 4346 428 4426 et
488 4360 543 4425 er
566 4328 779 4424 ceruical
799 4328 972 4436 lancea
994 4325 1285 4450 perforatur.
1317 4358 1373 4420 ac
1396 4327 1499 4448 asijs
1519 4326 1680 4453 plagis
1703 4327 1772 4420 af·

256 4451 417 4547 fectus
487 4448 627 4586 ltimo
650 4445 815 4588 gladio
839 4441 1106 4583 transfixus.
1130 4441 1528 4568 ineodemlloco
1549 4458 1773 4540 mortuus

259 4567 337 4664 esi.
410 4563 468 4660 In
497 4564 587 4658 rlla
616 4557 695 4658 die
729 4559 922 4658 cessau1t
954 4563 1124 4690 Iugum
1148 4559 1497 4657 Bohemorum.
1521 4560 1664 4686 super
1688 4593 1770 4655 au-

200 4769 203 4775 .
258 4683 442 4799 strales„
459 4679 731 4777 Stirienses.
753 4679 1107 4774 Karinthianos
1129 4709 1255 4806 quos
1267 4678 1487 4774 indebite
1507 4709 1602 4892 fler
1621 4676 1790 4806 longa.

1546 4825 1599 4893 es
1636 4794 1769 4889 idem

264 4830 469 4931 empora
513 4797 808 4896 afflixerunt.
885 4796 1138 4918 Quosdam
1175 4799 1359 4894 etenim
1399 4797 1505 4895 nob

1309 4972 1314 4978 ·
1623 4941 1713 5016 rex
