4717 6050
631 417 1082 561 caricem·
1137 479 1454 591 parav.
1675 497 1743 576 ηε.

132 693 135 702 ’
290 699 439 820 atque
485 685 548 786 ad
575 684 965 782 obseruantiam»
1002 679 1298 811 profeffores
1323 753 1328 761 -
1350 676 1625 781 eorundem
1664 687 1802 781 iuxta

217 835 237 860 '¹
291 826 485 940 patrum
529 803 741 902 instituta
780 803 989 898 reduxit.
1109 803 1203 895 Hic
1259 803 1475 926 denique
1526 803 1802 898 Almannus

294 922 642 1024 circumeundo
682 922 950 1018 ‘inferiores
993 933 1157 1046 partes
1192 919 1416 1015 Diocefis
1452 920 1547 1014 suae
1588 921 1803 1015 officium

292 1047 413 1142 boni
436 1042 651 1170 pastoris
673 1041 891 1136 exercuit
926 1051 977 1132 et
1002 1035 1340 1132 monasterium
1365 1037 1803 1156 Crembsmonster,

291 1191 582 1302 quacunque
610 1163 807 1252 ratione
843 1169 1123 1250 execratum
1157 1158 1499 1256 reconciliarit
1546 1171 1597 1250 et
1627 1158 1710 1251 ibi,
1727 1186 1803 1251 re·

116 1379 121 1390 ,
261 1279 512 1408 hgr‘ofum
556 1277 719 1369 virum
756 1272 1130 1370 Theodericum
1175 1271 1424 1366 Abbatem
1467 1273 1694 1367 instituit·
1738 1277 1805 1368 Et

291 1395 539 1494 ecclefiam
563 1395 615 1486 in
640 1391 838 1487 Tu'dich
889 1421 1034 1535 quam
1067 1420 1200 1483 nunc
1234 1389 1575 1485 monasterium
1608 1389 1805 1485 Clunia-

290 1514 432 1610 cense
471 1513 714 1634 (Glunicen
734 1515 779 1650 e)
811 1505 1020 1636 possldet
1053 1539 1162 1601 cum
1197 1506 1493 1604 Marchione
1519 1507 1695 1604 stiriae
1714 1511 1805 1604 Ot-

288 1631 466 1724 tokaro
497 1645 822 1754 permutauit,
852 1629 948 1754 p'r'o·
1011 1624 1171 1744 raedijs
1204 1629 1256 1719 in
1286 1627 1558 1756 Hawsrugk
1598 1639 1708 1754 qu'ae
1730 1627 1806 1722 ilii

292 1747 369 1842 Pil
405 1750 538 1842 rinus
582 1745 839 1872 episcopus
881 1749 932 1840 in
976 1657 1270 1839 Ueneficium
1316 1744 1606 1840 contulerat.
1660 1747 1806 1870 ¹Ipse

143 1963 146 1970 ,
289 1779 584 1960 Οεῖῗιεάῑωη
619 1865 751 1956 suam
785 1863 946 1988 posuit
980 1865 1033 1954 in
1071 1860 1323 1985 Laureaco
1364 1893 1428 1954 ne
1467 1893 1528 1998 oe
1562 1893 1655 1986 pro
1700 1863 1803 1987 pata
1973 1942 1983 1953 ,,

288 1983 356 2076 lio
379 1981 575 2077 instetit
644 1979 1000 2074 Patauienfium
1037 2007 1157 2071 vero
1193 1977 1358 2072 sedem
1392 1891 1609 2072 Tinemo
1645 1976 1805 2072 Cano·

284 2103 424 2195 nicus
460 2098 615 2194 Herbi
655 2098 831 2192 olensrs
866 2097 1155 2220 occupauit,
1244 2093 1475 2190 Prefatns
1508 2098 1661 2190 etiam
1689 2096 1810 2191 Ale·
1934 2195 1940 2207 ,

151 2225 157 2232 “
284 2247 496 2311 mannus
540 2129 798 2339 epiicopus
839 2212 1125 2352 impetrauit
1157 2212 1220 2306 ab
1249 2211 1554 2338 Imperatore
1584 2213 1804 2308 Henrico
1855 2314 1859 2318 Α

284 2338 434 2427 tertio
479 2331 791 2458 priuilegium
839 2328 1134 2424 huiusmodi.
1216 2330 1270 2422 In
1306 2333 1510 2425 nomine
1544 2331 1719 2427 sanct-ae
1756 2346 1806 2426 et
1895 2355 1901 2370 ·

122 2513 126 2523 -
285 2449 555 2550 indiuiduas
592 2450 826 2542 trinitatis
871 2449 1117 2546 Henricus
1153 2443 1322 2541 diuina
1356 2447 1557 2542 fauente
1592 2449 1804 2543 clemen-

286 2569 380 2682 tia,
426 2598 515 2664 rex
551 2566 744 2660 sanctae·
764 2564 846 2658 dei
885 2563 1109 2659 ecclesiae
1135 2563 1383 2690 profectui
1418 2579 1559 2660 tanto
1598 2566 1807 2691 diligen-

183 2751 192 2760 ·
285 2685 382 2777 tius
427 2682 691 2808 prouidere
723 2681 991 2797 debente,
1033 2696 1220 2916 (brento
1260 2683 1493 2777 excelsius
1532 2713 1594 2776 ex
1632 2683 1804 2777 diuino

247 2863 252 2880 -
286 2831 488 2894 munere
520 2799 762 2892 sublimati
794 2799 970 2892 sumunt
1094 2816 1363 2924 uapropter
1385 2801 1613 2894 omnibus
1636 2800 1812 2894 Christi

242 2925 251 2991 ἴ
283 2917 452 3010 nostris
493 2946 553 3008 ne
586 2914 814 3009 fidelibus
845 2930 946 3008 tam
1011 2913 1297 3015 raesentibua
1335 2949 1480 3043 quam
1510 2917 1685 3012 futuris
1716 2941 1805 3012 n'o·

285 3049 389 3127 tum
435 3066 464 3128 e
500 3068 526 3127 e
571 3033 827 3145 volumus,
870 2944 1010 3167 qualp
1231 3036 1237 3044 ’
1637 3142 1640 3147 ,

284 3153 554 3276 animeque
583 3156 732 3273 patris
766 3148 912 3240 nostrl
944 3148 1164 3240 remedio
1197 3149 1469 3243 Patauiensr
1502 3153 1717 3247 ecclesiae
1751 3158 1804 3247 in

286 3268 478 3361 honore
513 3268 683 3362 Sancti
714 3264 978 3389 Stephani
1001 3264 1281 3358 constructae
1322 3283 1470 3391 atque
1510 3272 1804 3364 consecratae

45 3433 89 3527 ς’
210 3399 212 3403 ’
286 3386 352 3479 ob
393 3382 727 3479 interuentirm
769 3412 826 3474 ac
864 3383 1158 3505 petitionem
1191 3386 1358 3476 matris
1389 3382 1561 3478 nostrae
1593 3387 1809 3511 Agnetis

227 3504 232 3521 '
289 3496 619 3625 imperatricis
644 3498 899 3624 Augustae,
929 3498 1150 3591 instinctu
1192 3530 1253 3592 ue
1277 3499 1477 3595 Berthae
1499 3500 1714 3629 Reginae>
1730 3534 1806 3597 re·

321 3622 369 3712 ni
410 3620 662 3746 thorique.
690 3615 846 3711 nostri
879 3616 1118 3754 consortis
1152 3529 1189 3711 3

285 3650 428 3831 {ordi
454 3734 844 3873 ‚Saltzbnrgenfis
878 3733 1255 3860 Archrpraesulrs
1293 3749 1344 3830 et
1373 3737 1599 3863 Epponis
1637 3739 1804 3832 Neun·

288 3857 535 3987 burgensis
569 3888 595 3950 e
634 3856 730 3947 isco
770 3882 934 3988 nnec
978 3882 1088 3990 ηομο
1129 3853 1198 3991 ⁰b.
1231 3850 1377 3983 fidele
1411 3860 1645 3949 meritum*
1688 3858 1803 3951 Ale·
1976 3879 1980 3883 ’

264 3977 454 4073 manni
486 3885 705 4099 praestitae
734 3884 861 4065 Fedrs
897 3968 1116 4063 antrlirtrs
1153 3969 1320 4065 vrllam
1355 3974 1602 4114 quandam
1633 3974 1804 4067 Tisen·

988 3048 1081 3123 iter
1121 3044 1230 3127 nos'
1261 3066 1354 3156 pro
1400 3066 1568 3131 amore
1601 3035 1804 3153 diuino,
1865 3112 1874 3122 ,
1927 3100 1975 3137 ,-

1186 3616 1442 3730 ilectiffimi
1481 3621 1631 3714 etiam
1670 3619 1805 3716 Geb·
1925 3668 1931 3680 ’

287 4090 385 4185 furt
432 4091 616 4187 dictam
673 4102 722 4183 et
760 4086 1005 4180 tranfitum
1053 4088 1201 4211 ipsius
1243 4091 1455 4185 fluminis
1506 4095 1589 4218 qui
1627 4091 1806 4186 dicitur
1980 4084 1988 4098 ’

290 4208 497 4303 Marcha
549 4204 686 4335 quod
719 4204 786 4300 est·
851 4200 1278 4300 raediumnmesti
1314 4206 1619 4305 Marchionis
1663 4214 1803 4349 quin·

325 4330 523 4453 uaginta
556 4326 747 4453 regales
870 4322 981 4416 nsos
1012 4324 1065 4417 in
1100 4354 1230 4450 pago
1263 4324 1476 4420 Austriae·
1501 4331 1551 4420 in
1577 4327 1802 4423 Marchia

287 4356 478 4539 amelii
509 4443 817 4539 Marchionis
850 4440 970 4533 sitos
998 4472 1107 4535 eum
1133 4442 1362 4537 omnibus
1384 4444 1687 4570 appendicijs
1710 4449 1803 4541 sois

154 4613 156 4622 ·
206 4626 210 4633 =
288 4562 385 4655 hoc
413 4560 477 4655 est
520 4564 771 4686 Vtriusque
804 4560 944 4653 sexus
979 4561 1260 4684 mancipijs‚
1292 4562 1481 4677 vineis,¹
1508 4566 1633 4690 agris
1648 4634 1669 4676 ‚.
1691 4596 1801 4689 pra·

288 4680 378 4791 tis,
409 4680 624 4805 pascuis,
657 4678 867 4803 campis,
897 4676 1079 4797 syluis,
1098 4680 1451 4777 *venationibus
1481 4681 1696 4795 forestis,
1727 4683 1801 4776 fo·

287 4795 514 4917 restarijs,
556 4796 707 4910 areis,
750 4793 987 4919 aedificijs,
1020 4794 1277 4916 ecclenjs‚·
1299 4801 1443 4923 terris
1476 4803 1621 4896 coitis
1651 4816 1701 4892 et
1731 4801 1801 4895 ins

261 4964 269 4979 ·
355 4918 608 5014 torm.-
1089 4914 1233 5037 Ppp
1299 4936 1384 4997 2'·¹·
1571 4917 1740 5029 cultis,
1946 5011 1949 5018 ,
