4717 6050
625 456 739 569 ma
870 558 873 565 ¹
1025 540 1028 547 .
1144 462 1572 547 ANONYMI

576 744 578 749 ,
688 664 1412 811 Mtce1xaj45tephaausrea
1433 670 1647 881 Vnparie
1674 668 1805 791 obijt.
1838 675 2086 800 quireliu·

570 822 727 917 quens
758 788 886 884 fihos
911 789 1071 887 semor
1094 820 1298 885 nomme
1321 789 1466 883 Elaw
1489 790 1509 910 (

570 938 730 1007 annos
762 908 815 1000 in
847 936 1015 1033 regem
1047 904 1111 1001 est
1145 906 1348 1001 electus
1419 905 1543 999 Item
1577 902 1771 1001 Eodem
1806 937 1937 1002 anno
1972 908 2083 1003 Post

394 1112 398 1119 .
551 1040 783 1119 mortem
809 1022 1054 1148 Stephani
1072 1026 1202 1149 regis
1229 1021 1308 1118 Vn
1344 1023 1457 1117 arie
1482 1021 1690 1161 ⁴quidam
1717 1054 1883 1119 comes
1905 1024 2085 1119 Dictus

426 2792 428 2799 '
575 2792 774 2884 eruerat.
806 2778 912 2904 regi

570 1140 800 1268 Magister
813 1141 1031 1267 Egidius.
1063 1144 1210 1279 quem
1229 1170 1319 1245 rex
1378 1168 1546 1267 ngarre
1567 1140 1932 1267 supramodum
1955 1142 2084 1235 Dili·
2204 1167 2209 1179 ·

568 1257 731 1386 gebat.
772 1259 951 1355 timens
983 1288 1204 1385 reginam
1235 1272 1288 1353 et
1318 1258 1542 1382 Vngaros
1579 1256 1819 1397 profugus
1850 1262 1990 1355 venit
2023 1258 2085 1355 ad

568 1405 738 1517 regem
760 1374 1013 1471 Bohemie.
1048 1406 1146 1470 vna
1171 1405 1280 1468 cum
1304 1373 1455 1469 fratre
1480 1375 1565 1469 suo
1593 1373 1792 1470 Comrte
1819 1376 2080 1505 Gregorio.

569 1495 667 1589 Hic
702 1490 766 1587 de
800 1493 949 1588 castro
988 1490 1124 1618 quod
1144 1491 1421 1619 Preipurch
1446 1488 1636 1585 dicitur.
1656 1506 1725 1587 >et
1758 1492 1863 1613 aliis
1895 1493 2084 1618 quibus·

569 1609 689 1707 dam
713 1610 872 1705 eastris
901 1608 1242 1705 fraudulenter
1263 1641 1321 1704 ac
1349 1608 1602 1703 casualiter
1629 1624 1747 1703 tunc
1772 1625 1871 1703 tem
1910 1614 2009 1705 oris
2038 1612 2085 1703 ie

537 1780 548 1797 ν
570 1728 840 1825 intromisit.
868 1726 1104 1853 Regique
1122 1726 1365 1820 Bohemie
1389 1725 1657 1850 spopondit
1675 1730 1728 1819 in
1744 1641 1972 1823 ommbus
1991 1730 2086 1821 'ier-

486 1902 492 1908 -
571 1848 801 1943 uiturum.
882 1844 1045 1967 Quem
1065 1872 1157 1937 rex
1178 1841 1649 1969 bohemielbenigne
1669 1846 1928 1981 recipiens.
1966 1845 2088 1938 etei

572 1961 637 2058 ad
648 1963 742 2056 hec
762 1960 973 2086 plurima
996 1975 1047 2054 et
1065 1962 1306 2053 Donauit.
1366 1959 1496 2053 Nam
1519 1958 1721 2054 tradidit
1745 1963 1982 2057 ciuitates.
1996 1962 2083 2058 La.

570 2070 1718 2175 Newnburch.Stocheraw.1Greuczschenstain
1746 2093 1796 2172 et
1809 2078 1905 2172 alia
1915 2110 2082 2203 quam·

437 2268 442 2279 .
608 2196 727 2289 lura.
772 2208 822 2289 et
854 2195 975 2290 Duo
1011 2194 1146 2289 milia
1173 2224 1447 2288 marearum
1483 2194 1781 2288 soluencium
1819 2198 2081 2290 annuatim.

547 2230 773 2437 ,ihsuper
803 2314 855 2407 in
879 2342 1023 2437 prom
1060 2328 1112 2408 to
1139 2309 1299 2417 Dedit
1334 2313 1395 2406 ei
1418 2313 1675 2405 maximam
1707 2313 1996 2437 peccuniam
2032 2326 2082 2405 et

441 2530 445 2540 ,
548 2428 774 2525 'castrum
794 2429 1034 2551 Prespurc.
1102 2430 1235 2523 vino.
1262 2428 1454 2523 Tritieo
1489 2442 1540 2521 et
1571 2456 1731 2521 auena
1757 2431 1948 2553 optime
1978 2459 2085 2553 pre·

518 2630 521 2635 .
551 2548 795 2669 muniuit.
867 2546 1020 2662 Quod
1040 2544 1218 2639 videns
1239 2544 1422 2639 >Comes
1447 2546 1708 2638 Heinricus
1732 2543 1802 2639 de*
1817 2545 2083 2671 Guznenig.

526 2756 528 2759 ,
571 2666 661 2799 qui
692 2660 852 2755 adhuc
882 2690 1000 2876 refie
1025 2662 1284 2798 Stephano
1304 2660 1531 2787 Vngarie
1554 2658 1799 2799 superstite
1820 2664 2083 2788 Vngariam

981 2779 1176 2873 ohemre
1201 2776 1446 2871 adherens
1475 2774 1711 2904 Vngarns.
1744 2778 1909 2903 postea
1931 2779 2083 2874 muita

573 2896 705 2991 mala
729 2894 791 2988 de
814 2893 991 3020 Styria.
1021 2925 1113 3021 per
1135 2895 1334 3033 rapinas
1360 2908 1412 2988 et
1431 2893 1665 2990 incendia
1682 2894 1898 2991 faciebat
1922 2897 1987 2990 ub
2011 2899 2081 2990 in·

574 3010 757 3106 uidiam
789 3010 999 3137 predicti
1037 3011 1244 3108 Comitis
1278 3009 1439 3138 Egidi.
1478 3044 1627 3153 quem
1657 3045 1720 3107 ex
1743 3011 1893 3109 corde
1914 3016 2082 3109 intime

578 3129 793 3225 odiebat.
826 3160 992 3260 arege
1011 3130 1248 3226 bohemie
1269 3130 1471 3226 receisrt.
1499 3161 1553 3226 m
1577 3131 1841 3256 Vngariam
1869 3130 2025 3252 redijt
2056 3162 2085 3228 a

576 3252 747 3387 regina
776 3261 831 3340 et
856 3279 884 3340 a
908 3251 1096 3347 cunctis
1121 3248 1330 3373 Vngaris
1361 3247 1633 3373 honorifice
1655 3245 1725 3342 est
1747 3264 1989 3373 receptus.
2022 3278 2086 3343 ex
2156 3331 2159 3335 ,

579 3397 715 3460 eurus
738 3364 937 3460 canidio
964 3381 1014 3460 et
1037 3365 1220 3459 auxilio
1245 3394 1334 3459 rex
1349 3362 1678 3461 -demathsaun
1701 3366 1970 3489 (Maffirviae)
1988 3366 2084 3459 fra·
2107 3395 2110 3399 ¹

547 3514 550 3519 ·
575 3499 654 3576 ter
677 3484 845 3620 regine
868 3481 1097 3582 bohemie
1122 3483 1182 3576 ab
1197 3482 1404 3609 Vugaris
1425 3481 1491 3576 est
1509 3482 1708 3576 occisus.
1731 3480 2083 3610 propterquod

568 3598 892 3695 homicidium
923 3600 1173 3727 predictus
1204 3629 1295 3718 rex
1324 3598 1554 3694 bohemie
1577 3597 1642 3692 eu
1670 3601 1875 3693 nimium
1896 3616 2084 3727 pertur-

573 3719 731 3814 batus.
765 3731 815 3812 et
835 3718 1209 3818 vniuersamala
1227 3717 1490 3841 utrobique
1515 3719 1748 3810 oriuntur„

693 3833 780 3928 Μ’.
796 3835 1009 3956 celxxiij.
1060 3833 1190 3926 Nam
1235 3831 1478 3927 Chomani
1521 3863 1632 3928 cnm
1667 3833 1875 3975 Vngaris
1912 3835 2085 3928 Karin·

574 3953 729 4046 thiam
755 3948 884 4046 infra
906 3981 1055 4044 vnum
1080 3951 1295 4044 mensem
1320 3951 1528 4046 Duabus
1553 3950 1741 4045 vicibus
1763 3967 2089 4047 intrauerunt

577 4070 744 4163 omnia
766 4069 1171 4162 Deuastaueruut.
1202 4068 1384 4164 multos
1408 4065 1712 4161 occiderunt„
1742 4072 1892 4164 etiam
1914 4099 2083 4162 nume·

576 4215 634 4282 ro
677 4183 752 4278 ad
784 4189 880 4278 xxti·
904 4187 1037 4280 milia
1067 4186 1334 4280 homiuum.
1355 4184 1699 4284 Deduxerunt.
1772 4187 1973 4310 Insuper
2005 4185 2084 4306 alij

576 4305 846 4396 morauiam
876 4305 1117 4398 intrantes
1149 4301 1367 4398 infinitos
1403 4301 1705 4397 oeciderunt.
1736 4304 1974 4428 plurimos
2000 4301 2084 4396 de-

1556 791 1779 911 notaturo)
1813 790 2015 901 habens.
2037 791 2082 886 x.
2222 799 2225 801 ’

572 4417 839 4514 duxerunt.
919 4421 1041 4515 Item
1067 4418 1261 4514 Eodem
1284 4450 1430 4514 annu.
1466 4419 1679 4543 quedam
1710 4419 1916 4515 soci-etas
1947 4420 2087 4514 nobi·
2250 4451 2261 4462 ·

577 4536 697 4629 lium
718 4537 801 4628 De
818 4537 984 4634 austria
1006 4541 1315 4636 intrauerunt
1327 4539 1603 4664 Vngariam.
1627 4535 1733 4630 iere
1753 4539 1888 4632 mille
1902 4540 2085 4630 armati.

580 4667 632 4746 et
664 4653 863 4746 castrum
897 4655 1031 4780 quod
1057 4655 1234 4752 dicitur
1257 4654 1381 4749 Rab.
1415 4685 1564 4747 manu
1586 4652 1750 4748 valida
1774 4684 2086 4870 expuffnaue·

578 4783 707 4867 runt.
741 4785 789 4866 et
814 4773 865 4865 in
889 4771 1062 4869 eadem
1085 4773 1205 4873 vrbe
1228 4773 1511 4902 episcopum
1531 4773 1748 4900 quinque
1762 4803 1847 4870 ecc
1870 4805 1897 4871 e
1931 4776 1988 4986 i}
1998 4772 2089 4894 (ita

1685 4931 1693 4962 ,
1801 4982 1807 4991 ,
1983 4926 2025 4984 0.
