4717 6050
675 413 1471 550 sciscocnrarav.
1711 483 1788 560 ⁵2⁵

305 660 544 786 Prenner
562 656 1017 784 Erithropolitsnus
1039 653 1324 756 Tuberinus
1349 656 1630 756 Canonicus
1650 670 1701 756 et
1716 658 1840 758 Can·

307 781 553 876 cellarius
584 775 882 874 Patauiensrs
908 778 986 870 vir
1028 774 1235 893 doetus,
1274 776 1348 872 lar
1414 809 1465 893 s,
1494 779 1663 890 mitis,
1706 788 1841 874 mars·

309 899 486 994 suetus
515 898 569 991 in
600 923 789 990 omnes.
862 893 999 1015 obijt
1041 908 1208 990 autem
1232 892 1358 989 .Vde
1380 896 1506 991 ricus
1549 898 1611 990 sae
1650 895 1841 1012 edictus

359 1015 497 1111 raesus
533 1011 834 1140 dignissnnus
865 1014 1016 1110 Anno
1055 927 1744 1110 domini·Mccchxdiix.
1791 1017 1802 1035 '

311 1253 438 1346 eibi·
459 1249 656 1345 coloris
671 1248 874 1343 animali
901 1233 1207 1342 Riuocerote
1253 1161 1528 1344 decoratus.
1600 1248 1684 1347 De
1730 1252 1838 1370 eius

310 1371 452 1464 mirae
483 1365 643 1461 laudis
682 1363 851 1492 lapide
892 1365 1100 1460 tumbali
1141 1363 1258 1460 vide
1298 1369 1491 1463 Eneam
1533 1363 1743 1462 Siluium
1785 1370 1839 1462 in

103 1493 111 1502 '
214 1567 216 1570 .
312 1484 445 1612 epist.
479 1483 627 1578 CXV.
1283 1542 1287 1548 -
1905 1603 1909 1608 ἡ
1958 1599 1963 1606 .
2065 1568 2068 1576 ,

56 1657 58 1676 ·
316 1678 362 1690 ..
432 1601 681 1728 Georgius
731 1599 913 1696 Hester
961 1597 1093 1693 tituli
1135 1595 1333 1692 Sanctae
1381 1595 1550 1694 Luciae
1591 1602 1644 1694 in
1686 1599 1837 1696 Silice

284 1718 553 1814 'Romanae
591 1717 802 1813 ecclenae
833 1717 981 1842 presb
1021 1729 1108 1811 ter·
1128 1713 1404 1809 Cardinalis
1435 1716 1580 1811 huius
1604 1722 1837 1815 'nominis
1914 1804 1917 1814 .

311 1835 552 1932 secundus
584 1840 742 1930 Anno·
767 1833 956 1930 domini
1047 1831 1442 1928 CCCCLXXIX.
1465 1834 1837 1932 Patauiensreo·

60 1977 64 2036 ῖ
161 1975 163 1980 ’
270 1954 469 2050 ὀΙοΓηο
500 1951 767 2047 intruditur
797 1953 1098 2088 episcopus..
1129 1951 1176 2042 ls
1219 1979 1329 2042 cum
1369 1948 1624 2045 Friderico
1669 1951 1835 2050 Maur·
2005 2009 2010 2029 ι

308 2071 507 2167 kircher
537 2067 825 2164 illustrislim1
850 2070 1086 2200 prrneipis
1108 2065 1312 2191 Georgij
1337 2063 1476 2161 ducis
1488 2066 1698 2164 Boiariae
1709 2056 1835 2166 Can·

309 2190 544 2302 cellario,
576 2217 604 2280 a
636 2186 811 2278 maiori
852 2201 970 2279 tunc
1042 2197 1145 2280 arte
1170 2214 1230 2280 ca
1265 2183 1594 2300 itulielecto‚'
1612 2217 1705 2325 pro
1733 2191 1836 2310 epi·-

311 2307 514 2430 scopatu
547 2301 831 2414 contendit,
863 2318 915 2396 et
948 2218 1039 2396 eid
1227 2215 1264 2396 d
1802 2307 1813 2326 ’

308 2421 414 2516 sicis
445 2451 504 2514 ac
536 2418 774 2515 Friderioi
800 2420 1116 2544 imperatoris
1140 2423 1390 2514 'maximas
1418 2417 1667 2516 instantias
1699 2418 1834 2520 fecit.

310 2537 527 2638 Ecclesia
545 2535 844 2631 Patauiensrs
866 2551 981 2631 tunc
1014 2555 1236 2663 tempore
1266 2537 1405 2664 graui
1425 2552 1566 2632 motu
1588 2539 1834 2665 quassaba-

309 2670 389 2751 tur
427 2683 491 2749 ex
524 2652 867 2778 indignatione
902 2657 1144 2794 partium,
1175 2685 1236 2750 ea
1270 2656 1402 2749 enim
1440 2651 1646 2770 damna,
1678 2688 1738 2751 ea
1760 2659 1833 2753 in·

65 2793 69 2804 '
224 2789 227 2793 ’
311 2772 574 2869 commoda
605 2769 872 2982 debitapue
907 2775 1135 2888 incurrit,
1165 2774 1404 2899 quantum
1434 2772 1658 2896 pluribus
1690 2778 1833 2870 annis

284 2904 458 2984 antea
486 2917 739 3012 nunquam
813 2887 1049 2983 riderieus
1079 2891 1355 3013 Imperator
1398 2904 1571 2983 contra
1611 2890 1718 2987 iura
1756 2921 1834 2986 re·

308 3005 660 3100 clamationum
692 3017 743 3097 et
773 3038 836 3145 ap
876 3004 1166 3102 ellationum
1193 3004 1411 3133 Capituli
1436 3005 1735 3105 Patauiensrs
1760 3040 1833 3103 ar·

306 3152 390 3215 ces
414 3120 602 3215 Tulbin
662 3135 713 3212 et
734 3038 1067 3217 Zelddnmawr
1090 3123 1306 3237 obsedit,
1338 3122 1617 3249 obsessaque
1633 3126 1696 3219 ad
1710 3158 1834 3252 prae·

308 3234 527 3332 standum
561 3236 590 3329 fi
630 3235 810 3329 alitatis
846 3240 1174 3331 iuramentum
1208 3236 1531 3333 Cardinali'et
1552 3242 1616 3335 ad
1640 3245 1859 3339 soluen·.

281 3352 425 3447 dum
462 3352 624 3447 eidem
655 3350 843 3449 fructus
876 3352 1101 3449 redditus
1134 3368 1409 3479 prouentus
1451 3360 1640 3482 coegit,
1679 3342 1832 3453 Exin·

68 3504 78 3571 ·,
132 3524 138 3533 -
307 3470 372 3565 de
409 3468 719 3596 Capitulares
764 3464 924 3565 coacti
971 3468 1174 3569 fuerumt
1220 3467 1500 3567 conducere
1544 3478 1736 3613 equites
1780 3493 1833 3574 et

304 3587 502 3717 pedites
544 3615 637 3713 pro
672 3588 884 3682 tuitione
930 3588 1189 3683 castrorum
1232 3586 1472 3701 ecclcsiae,
1530 3590 1667 3687 Mrsit
1711 3607 1831 3690 tune

304 3738 394 3803 rex
426 3704 684 3802 Boh'emiae
716 3720 967 3800 trecentos
999 3705 1268 3833 armigeros
1298 3704 1543 3831 equestres
1584 3725 1635 3803 et
1676 3712 1830 3835 pede·

307 3826 448 3939 stres,
508 3823 658 3918 Misrit
696 3837 748 3917 et
795 3822 1042 3949 Georgius
1074 3824 1175 3919 dux
1216 3824 1430 3919 Boiariae
1507 3828 1830 3955 uinquaginta
1912 3928 1918 3933 ,

308 3947 502 4069 equites
523 3940 601 4034 --ad
638 3943 901 4035 tuitionem
939 3942 1074 4036 castri
1103 3941 1262 4038 Ebers
1302 3972 1401 4069 erg.
1471 3855 1620 4042 diues
1664 3960 1830 4042 autem

308 4060 625 4156 Patauienses
655 4089 749 4183 pro
781 4075 899 4154 tunc
929 4058 1180 4154 Cardinali
1211 4092 1240 4155 a
1312 4075 1551 4177 serentes,
1581 4062 1829 4157 fortalicia

307 4194 360 4275 et
390 4179 486 4273 alia
516 4177 789 4303 periculosa
819 4175 1023 4271 aedificia
1054 4190 1229 4274 contra
1263 4177 1734 4298 eastra‘erexeruut‚
1768 4210 1826 4275 ac

166 4368 168 4373 .
304 4296 424 4392 ilico
461 4293 758 4391 bombardas
800 4324 1000 4423 magnas
1032 4298 1325 4422 posuerunt,
1366 4326 1426 4391 ea
1458 4298 1738 4393 intentione
1771 4308 1828 4394 vt

301 4414 454 4508 'caina
488 4413 740 4509 diruerent
771 4415 1124 4541 cingerentque
1150 4414 1416 4514 obsidione.
1482 4417 1680 4511 Interea
1700 4431 1826 4511 tem·

306 4534 442 4658 poris
480 4528 596 4627 dum
626 4531 677 4626 se
697 4547 930 4627 ‘armatos
966 4533 1303 4657 prospicerent
1350 4531 1664 4627 Cardinalem
1711 4562 1826 4657 pro·

250 4810 258 4821 ,
308 4662 552 4746 uocarunt
582 4664 636 4771 ut
669 4649 919 4749 ciuitatem
948 4651 1000 4745 in
1035 4648 1291 4894 rgdprgetu'r
1320 4648 1430 4780 (qui
1461 4664 1527 4749 et
1541 4650 1824 4896 ipiddgradrt-ea

137 1108 146 1117 ³
215 1159 221 1171 ·
352 1136 399 1228 ie
427 1133 602 1230 Sancti
630 1129 819 1254 Egidij‚
847 1127 948 1226 fuit.
974 1131 1079 1224 eius
1111 1132 1255 1254 prosa
1291 1131 1349 1224 ia.
1368 1135 1421 1227 in
1455 1133 1637 1256 clypeo
1667 1046 1878 1257 nigrdff
1986 1207 1991 1216 .
2063 1142 2070 1246 J

1035 2333 1114 2396 ern
1140 2317 1225 2396 aut
1261 2302 1442 2397 oritate
1473 2303 1644 2397 summi
1671 2320 1835 2428 ponti·
1992 2285 2029 2428 ,ᾗ
