4717 6050
595 456 598 463 ·
742 410 1292 569 [oevscvnn
1435 382 1447 397 ’
1644 414 1755 555 an

404 662 556 756 Anno
594 656 784 755 domini
818 654 951 751 dccc.
985 656 1115 751 xxxi.
1160 652 1504 781 Regenharius
1547 656 1806 782 episcopus

265 797 599 875 'maranorum
632 777 695 871 ba
733 777 851 870 tizat
875 802 1048 868 omnes
1082 801 1328 868 morauos.
1373 772 1486 867 Post
1509 772 1641 867 hunc
1663 791 1809 872 vacat

286 808 801 1023 parauiensrseccllrsra
820 905 1027 1019 propter
1050 889 1339 987 discordiam
1359 890 1501 1016 pallii
1519 919 1808 1019 perannum

292 1030 343 1109 et
377 1014 664 1226 alllillllriscus
687 1124 1081 1253 archiepiscopus
1101 1092 1284 1255 potens
1304 1123 1357 1219 in
1380 1155 1532 1257 opere
1554 1136 1606 1221 et
1629 1118 1808 1223 sermo·

123 1226 133 1237 ⁸
288 1276 366 1341 ne.
398 1246 719 1343 quauensem
745 1242 994 1340 ecclesiam
1021 1248 1322 1371 opprimens.
1354 1245 1690 1372 patauiensem
1729 1276 1808 1338 ec·

291 1365 479 1459 clessam
503 1363 793 1459 sublimauit.
856 1362 1137 1489 Capitulum
1161 1364 1444 1487 patauiense
1468 1360 1647 1487 opibus
1672 1364 1811 1455 auxit

123 1592 128 1607 ἡ
291 1496 343 1577 et
361 1480 672 1577 libertatibus
695 1479 931 1575 exaltauit
959 1481 1095 1573 cuius
1120 1483 1359 1575 memoria
1388 1480 1452 1574 ad
1483 1478 1681 1573 laudem
1710 1477 1813 1571 iesu

294 1597 453 1695 christi
476 1613 674 1697 maneat
698 1600 750 1693 in
774 1612 1009 1692 eternum.
1039 1596 1085 1689 Is
1112 1596 1328 1693 creditur
1354 1597 1445 1691 esse
1468 1596 1675 1690 sanctus.

410 1716 760 1812 Hermenricus
782 1715 1039 1924 episcopus
1059 1716 1267 1809 nacione
1291 1714 1565 1843 ostrogotus
1595 1716 1671 1809 uir
1694 1707 1815 1815 de1i÷
1989 1698 1999 1719 ⁶
2085 1702 2092 1719 ⁸

293 1846 430 1928 catus
443 1835 597 1928 nichil
620 1834 740 1927 clari
761 1831 881 1927 lecit
891 1863 957 1958 pa
976 1832 1051 1924 lio
1065 1834 1238 1926 caruit.

411 1951 704 2077 Wichingus
741 1948 1040 2073 archiepisco
1078 1979 1135 2042 us
1169 1948 1383 2042 nacione
1418 1947 1691 2084 ostrogotus
1730 1950 1814 2045 hic

21 2146 24 2165 .
123 2180 127 2188 ¹
203 2072 208 2081 '
293 2066 657 2163 laureacensem
683 2065 933 2162 ecclesiam
957 2094 1043 2191 pre
1078 2080 1117 2159 1t
1140 2065 1319 2158 volens
1351 2070 1658 2189 proumciam
1692 2060 1815 2159 diui·

291 2185 411 2281 dere
436 2200 488 2279 et
510 2185 708 2279 auxilio.
769 2179 1169 2276 Zwentenwaldi
1189 2184 1319 2307 regis
1340 2210 1653 2278 moravorum
1673 2182 1725 2273 in
1747 2183 1816 2277 se·

287 2299 440 2395 dauia
475 2299 794 2425 metropolim
827 2298 1061 2396 suscitare.
1103 2298 1197 2391 Hic
1230 2299 1480 2425 patauiam
1511 2297 1816 2394 transfertur.
1981 2370 1985 2376 .

221 2436 223 2441 ·
294 2443 445 2541 quam
465 2414 720 2512 fortissime
737 2416 867 2511 rexit
885 2444 976 2542 per
1000 2444 1183 2509 annum
1206 2430 1398 2511 tantum
1423 2429 1476 2511 et
1499 2415 1689 2511 menses
1713 2432 1816 2511 tres

257 2544 357 2626 'et‘
367 2530 581 2627 feliciter
606 2534 903 2659 conquievit.
1049 2550 1055 2559 '
1144 2620 1171 2655 ,ι
1295 2599 1299 2608 ·
1912 2612 1919 2623 ,

306 2676 309 2686 ’
412 2649 738 2774 Engelmarus
777 2646 1170 2777 archiepiscopus
1201 2647 1279 2743 vir
1308 2646 1595 2778 magnificus
1627 2660 1682 2742 et
1710 2644 1815 2773 spe·

166 2828 174 2843 ·
286 2764 488 2860 stabilis
513 2768 598 2890 qui
620 2766 774 2859 multa
796 2764 927 2858 bona
953 2778 1004 2859 et
1025 2763 1201 2890 predia
1236 2770 1514 2893 opulencia.
1547 2764 1816 2895 patauiensr

294 2882 495 2978 eccleste
520 2882 808 3008 conquisivit
832 2880 1095 3007 capitulum
1118 2881 1255 2977 suum
1273 2883 1549 2980 redditibus
1566 2883 1816 2978 exaltauit

305 3069 309 3076 -
409 2996 670 3102 Richarius
704 2998 770 3095 ob
803 2997 872 3094 sui
907 3000 1193 3102 bonitatem.
1224 2997 1464 3099 memoria
1499 2998 1688 3129 dignus.
1719 3002 1816 3096 Hic

285 3117 606 3212 contendens
630 3117 900 3256 propassio
923 3146 1014 3240 per
1034 3120 1116 3210 xii.
1143 3149 1302 3215 annos
1339 3136 1390 3215 et
1410 3120 1718 3246 triumphans
1752 3148 1815 3214 eo

292 3237 444 3331 vtitur
464 3235 621 3326 tribus
644 3263 799 3326 annis.
822 3248 873 3326 et
884 3230 1193 3354 postmodum
1213 3239 1267 3328 in
1287 3235 1491 3330 domino
1514 3239 1815 3361 conquieuit.

263 3396 291 3416 ι’
412 3347 726 3442 Purchardus
751 3348 834 3441 sua
858 3377 1069 3472 querens
1091 3379 1196 3444 non
1219 3381 1316 3474 que
1339 3353 1638 3446 Patauiensrs
1659 3353 1815 3449 eccle·

31 3479 36 3486 '
143 3539 149 3548 =
297 3463 360 3562 he
380 3462 573 3561 deliciis
598 3462 828 3560 insudans
851 3467 1057 3561 moritur
1079 3466 1176 3563 fine
1198 3466 1339 3591 pallii
1361 3466 1614 3608 dignitate.

417 3579 732 3678 Gumboldus
754 3583 969 3712 sequitur
992 3580 1290 3714 decessorem
1315 3601 1366 3680 et
1387 3616 1494 3683 erus
1519 3585 1716 3715 vestigia
1748 3589 1815 3682 se·

192 3747 194 3752 v
299 3730 457 3829 quens
477 3700 685 3827 pallium
705 3729 809 3798 non
832 3703 1031 3798 curauit

415 3816 704 3913 Gerhardus
736 3819 851 3912 arch
891 3819 1146 3960 episcopus
1170 3826 1307 3919 omni
1338 3820 1488 3918 laude
1520 3817 1698 3947 dignus
1728 3848 1817 3915 vas

293 3937 532 4032 virtutum
551 3938 710 4030 omnis
748 3966 810 4028 ue
851 3938 1109 4034 anctitatrs.
1129 3939 1226 4033 Hic
1244 3940 1450 4080 pallium
1473 3956 1706 4065 repetens
1725 3968 1816 4064 po·
1950 3947 1967 4046 ’,

291 4065 463 4166 ,tenter
484 4055 613 4147 rexit
645 3965 894 4150 ecdlesram
919 4067 970 4149 et
1001 4083 1110 4150 eam
1150 4056 1296 4157 bonrs
1334 4057 1562 4156 omnibus
1595 4056 1729 4152 fimus
1764 4069 1817 4149 et

237 4215 241 4222 ·
297 4169 569 4296 capitulum
594 4170 842 4280 exaltauit
910 4231 913 4236 -
1012 4185 1026 4202 ¹

403 4287 717 4402 ,Adalbertus
751 4288 1143 4420 archiepiscopus
1176 4293 1252 4387 uir
1279 4303 1610 4420 conpetenter
1638 4296 1814 4392 bonus.

298 4402 423 4496 nihil
444 4419 610 4503 tamen
632 4407 768 4535 geffit
799 4423 925 4517 nota.
954 4408 1168 4538 dignum.
1198 4413 1344 4506 Hunc
1373 4425 1425 4505 et
1453 4409 1816 4511 laureacensem

298 4520 549 4620 ecclesiam
565 4557 707 4626 more
732 4524 876 4626 solito
900 4527 1092 4624 barbari
1115 4528 1382 4631 crudeliter
1400 4527 1722 4634 vatauerunt.
1800 4594 1805 4603 1
1835 4574 1841 4582 ·

958 4762 1111 4891 Yy3
1637 4767 1758 4905 'Pil-
