4717 6050
840 382 1227 521 PRAEYIAE.
1392 390 1397 395 ·
1658 440 1736 535 337
1809 386 1894 471 ⁴·

272 659 361 738 'uon
381 656 507 731 solum
521 651 591 755 ipu
610 650 798 755 Sigmnrjo
814 643 977 736 deberi,
992 706 998 717 .
1013 643 1081 719 sed·
1098 643 1267 745 propria
1284 640 1466 717 eiusdem
1483 641 1790 744 manuscriptas

281 759 382 853 esse,
405 780 505 855 uero
524 754 763 829 inullimnm
780 748 930 825 habeo.
1253 757 1257 764 ’
1612 829 1614 832 ,
1740 846 1749 863 .

384 859 457 937 ΙΙΙ.
492 857 691 960 sigmaro.
706 854 807 929 aiter
826 850 1008 926 eiusdem
1027 844 1213 923 Coenobii
1232 846 1416 921 alumnus
1431 842 1677 945 synchronus
1694 843 1793 937 suut,

260 940 637 1065 'umagnonumcro
654 952 997 1042 elucubratorum,
1016 948 1186 1026 historici
1203 950 1324 1050 praeci
1357 950 1396 1021 ui
1414 946 1601 1024 thematis
1622 971 1790 1053 operum

283 1063 475 1153 celebris,
494 1052 584 1163 qua'e
600 1040 814 1161 plurimdm
825 1069 983 1157 partem
1001 1056 1042 1127 in
1053 974 1635 1138 domesticotadulariolatenn
1661 1071 1794 1149 neque

281 1168 389 1241 enim
406 1164 510 1255 alia,
536 1176 683 1264 praeter
696 1182 828 1261 pauca
844 1153 937 1249 itta,
957 1180 1044 1257 quae
1056 1150 1297 1229 doctissimus
1309 1150 1582 1255 Hieronymus
1594 1154 1738 1230 Pezius
1750 1150 1793 1224 S.

144 1297 150 1311 ·
279 1254 1658 1365 R.A.T.I.et11.protulit,lucempublicamvidissecompertumest.
1704 1254 1794 1329 Iam

186 1409 190 1420 v
277 1369 320 1445 in
347 1370 480 1468 primo
508 1366 625 1441 hunius
652 1363 786 1463 operis
814 1362 1029 1465 uoluminev
1047 1362 1088 1433 in
1107 1360 1269 1467 praeriis
1290 1357 1343 1433 ad·
1362 1357 1581 1435 chronicon
1601 1356 1797 1435 Cremisc-

279 1469 397 1545 nense
426 1465 774 1543 observationibus
798 1490 891 1567 pag.
921 1491 938 1537 r
945 1479 1008 1559 58.
1037 1461 1351 1570 adnotaveram,
1377 1460 1621 1537 doctissimos
1641 1459 1795 1563 Cremi·
1870 1516 1873 1524 .

277 1569 461 1648 fanenses
488 1567 710 1659 historiam,
737 1566 954 1667 praesertim
980 1565 1176 1667 patriam,
1205 1564 1368 1665 egregio
1388 1589 1553 1642 munere
1571 1567 1795 1669 locupleta·

277 1684 409 1763 turos,
436 1694 527 1747 cum
544 1672 723 1773 integrao
739 1665 1023 1773 diligentissimi
1039 1663 1384 1743 BernardiNorici
1406 1666 1726 1759 lucubrationes,
1752 1670 1797 1740 in
1863 1694 1868 1704 ¹
1934 1671 1936 1674 ’

278 1770 384 1851 hunc
407 1772 514 1847 diem
536 1772 627 1849 solis
647 1772 770 1847 titulis
791 1774 994 1875 cognitas,
1050 1769 1136 1843 relo
1158 1767 1438 1845 commiserint.
1492 1770 1575 1846 Sub
1585 1770 1663 1846 hoc
1675 1772 1798 1845 inter·

278 1876 431 1955 vallum
454 1876 536 1949 duo
555 1877 741 1977 praeclari
762 1872 947 1977 Augustus
968 1795 1439 1962 Bihliothecaecodices,
1467 1871 1610 1971 quibus
1640 1872 1797 1954 diversa
1824 1880 1831 1894 '
1890 1946 1896 1957 ,

277 1974 393 2052 huius
421 1974 740 2079 Historiogrsphi
769 1974 961 2076 opuscula
989 1974 1261 2062 continentur,
1286 1973 1329 2043 in
1347 1998 1490 2048 manus
1507 2000 1621 2050 meas
1643 1977 1796 2069 incidef

276 2092 377 2153 runt.
433 2076 630 2176 Quamuis
661 2078 771 2153 eninr
792 2076 967 2151 auctoris
993 2076 1139 2149 nomen
1160 2070 1283 2147 fronti
1304 2074 1516 2172 praefixum
1534 2102 1615 2150 non
1635 2089 1799 2178 gerant,

276 2180 389 2259 clara
414 2194 553 2255 tamen
578 2180 731 2253 indicis
756 2176 797 2251 se
826 2175 1018 2263 offerunt,
1046 2198 1097 2247 ea
1123 2176 1228 2247 inter
1243 2172 1391 2249 relicta
1417 2174 1469 2251 ab
1490 2177 1569 2254 hoc
1589 2178 1799 2279 Scriptore
1841 2216 1845 2225 ·
1987 2218 1990 2225 ·

275 2295 539 2355 monumenta
565 2277 781 2355 reserenda
807 2276 895 2351 esse.
949 2276 1106 2349 Primus
1134 2274 1278 2362 horum
1312 2274 1510 2354 Codicum
1541 2279 1796 2355 membrana·

209 2380 210 2385 ’
277 2404 397 2479 ceus,
429 2396 471 2456 et
499 2378 753 2484 elegantibus
778 2376 1075 2453 characteribus
1102 2374 1169 2461 sub
1190 2377 1345 2477 primos
1372 2378 1504 2455 saecuii
1529 2379 1644 2459 XIV.
1668 2391 1799 2459 annos

276 2478 465 2582 scriptus,
500 2484 542 2557 in
562 2479 833 2582 profanorum
860 2478 1146 2577 Historicorum
1175 2477 1300 2577 classe,
1317 2504 1486 2558 nurnero
1511 2482 1798 2560 DCCCCXC:

280 2584 384 2659 alter
401 2584 636 2662 chartaceus
654 2586 697 2659 in
714 2581 805 2657 folii-
820 2581 981 2671 forma,
1004 2580 1058 2655 ad
1078 2580 1290 2656 dimidium
1314 2583 1400 2658 fere
1428 2584 1558 2660 saecuuli
1576 2584 1675 2661 XV.
1690 2586 1803 2663 rese-¹

277 2684 452 2777 sendus,
474 2686 579 2761 inter
600 2708 724 2757 manu
741 2681 905 2784 scriptos
926 2684 1169 2757 recentiores
1190 2705 1357 2759 nunrero
1377 2683 1666 2771 MDXLVIII.
1681 2705 1807 2763 nota··
1822 2720 1863 2745 *—
1963 2744 1967 2751 2

181 2785 187 2797 '
276 2798 339 2862 tus
361 2786 434 2861 est:
475 2786 520 2861 ln
571 2808 676 2859 ruore
696 2784 838 2859 codice
860 2800 909 2855 1⁰·
931 2780 1151 2885 Catalogus
1176 2781 1586 2890 Archiepiscoporum
1613 2790 1795 2865 Laurea-

279 2886 451 2963 censum
481 2901 524 2965 et
579 2885 687 2986 pisco
720 2909 834 2975 orum
855 2882 1146 2958 Patavienfium
1175 2882 1227 2958 ab
1248 2885 1450 2963 Eucherio
1481 2916 1603 2993 usque
1627 2893 1679 2967 ad
1697 2891 1796 2966 Ber·

264 2988 468 3087 nardum,
502 3002 587 3076 turn
608 3004 659 3062 20·
709 2988 817 3064 eries
831 2986 1060 3062 Ducumac
1080 2982 1313 3088 Principum
1330 2989 1539 3070 Bavariae:
1560 3011 1618 3100 33⁰·
1635 2993 1797 3070 historia

274 3087 461 3183 Ecclesiae
487 3080 776 3166 Laureacensis
804 3089 1003 3180 fundam,
1030 3092 1095 3164 cui
1111 3103 1166 3178 40·
1186 3091 1289 3165 alter
1306 3093 1640 3172 Laureacensiunr
1659 3111 1699 3171 et
1716 3096 1799 3173 Pa:

275 3191 508 3270 teviensium
522 3191 754 3266 Antistitum
771 3190 980 3290 catalogus
997 3188 1050 3263 ab
1060 3191 1208 3266 Vrolsu
1226 3193 1273 3267 us
1292 3219 1343 3268 ue
1354 3197 1679 3274 edAltmannum
1698 3224 1791 3274 con·

274 3294 429 3367 iunctus
449 3291 520 3366 esi:
555 3307 610 3383 5⁰·
635 3291 857 3366 chronicon
876 3288 1172 3378 cremifanense
1201 3309 1242 3369 et
1262 3221 1479 3406 gaulogus
1499 3303 1582 3374 eius
1598 3299 1796 3375 Asceterii

278 3391 489 3470 Abhatum
507 3391 626 3492 usque
654 3399 702 3468 ad
730 3389 980 3486 Fridericum
1003 3391 1189 3494 I..(quod
1218 3399 1447 3498 opusculum
1476 3426 1557 3478 non
1583 3403 1626 3478 si
1655 3427 1798 3495 maro,

275 3495 344 3570 sed
368 3494 576 3571 Bernardo
599 3491 755 3572 Norico
779 3492 1033 3600 tribuendum
1059 3495 1133 3572 esse
1156 3499 1274 3599 supra
1295 3499 1506 3622 indicavi.)
1559 3512 1613 3578 6⁰·
1629 3428 1797 3581 {ioma-

276 3621 424 3674 norum
445 3595 683 3672 Pontificum
699 3596 761 3672 ‘us
782 3620 843 3688 ue,
857 3599 909 3673 ad
936 3597 1215 3676 AdrianumL
1240 3601 1361 3695 series
1383 3617 1630 3680 continetur..
1677 3608 1799 3690 Alter

278 3701 423 3776 codex,
436 3697 642 3792 historicas
667 3623 989 3791 musitatores,
1016 3703 1119 3776 inter
1136 3700 1330 3813 indubios
1344 3704 1544 3782 Bernardi
1563 3705 1704 3784 Norici
1721 3709 1801 3802 soe·

276 3813 339 3875 trus
358 3803 631 3902 pertinentes,
656 3803 959 3902 complectitur,
986 3829 1074 3904 quae
1093 3803 1328 3906 sequentes,
1345 3806 1396 3882 sb
1416 3808 1503 3911 ipso
1522 3812 1702 3886 Auctore
1725 3813 1797 3888 ad·

275 3897 443 4003 scriptos
470 3903 605 3977 titurius
626 3903 668 3976 in
688 3901 821 3977 fronte
847 3918 999 4006 gerunt.
1040 3923 1089 3980 1⁰·
1107 3905 1174 3984 De
1205 3911 1346 3986 ordine
1374 3908 1666 4016 Episcoporum
1687 3913 1799 3990 Lau·

276 4004 540 4079 uescentium:
577 4021 630 4078 2⁰·
651 4003 717 4078 De
742 4004 887 4079 ducum
908 4003 1095 4087 Bavarise
1119 4010 1197 4088 sive
1217 4035 1357 4114 regum
1377 4014 1531 4089 ordine.
1567 4015 1697 4113 39·De
1717 4018 1795 4092 ori·

277 4097 589 4304 ξὶἶῖἔὲῗῶἒοῗ
604 4103 1069 4308 Βὲῗῖἐέῗέἕῗῗῑηέΐ
1084 4110 1798 4298 ttrittdmttsstssttt.tt

277 4233 424 4382 rorurg
479 4327 530 4400 70·
548 4309 614 4383 De
645 4311 827 4384 terminis
857 4235 1081 4389 Bagam?
1110 4331 1164 4402 3⁰·
1191 4315 1259 4392 De
1280 4270 1488 4496 'resipione
1510 4323 1727 4400 Tasiilonis
1749 4326 1795 4399 in

55 4485 60 4496 ,
123 4389 127 4392 ’
180 4432 182 4440 ’
239 4475 240 4478 ,
277 4408 522 4485 monasteriis
541 4409 825 4492 construendis.
867 4429 935 4524 9⁰·
957 4413 1023 4494 De
1037 4417 1201 4520 'origine
1229 4433 1269 4494 et
1294 4443 1369 4498 cau
1386 4449 1412 4498 a
1433 4422 1676 4501 fundationis
1706 4450 1794 4500 mo·

133 4596 141 4608 Ι
179 4554 184 4562 -
277 4509 433 4585 nasierii
446 4510 776 4588 Cremsmunsier:
796 4527 836 4588 et
852 4531 927 4588 uum
944 4515 1010 4592 De
1022 4531 1111 4594 ortu
1121 4519 1287 4598 Aushiae
1298 4521 1561 4625 Principstus.
1595 4527 1795 4627 Quamvis

280 4624 419 4688 cutem
435 4615 604 4717 egregiis
621 4613 819 4690 Bernardi
837 4617 981 4693 Norici
997 4619 1049 4706 de
1071 4619 1234 4697 susionis
1256 4630 1408 4703 meritis
1432 4626 1533 4702 nihi-l
1560 4631 1799 4732 decerptum

280 4713 426 4805 velim,
454 4729 494 4790 et
507 4716 730 4817 impensam
745 4717 866 4793 abeo
887 4719 1081 4798 smnmsrn
1096 4725 1138 4796 in
1183 4726 1336 4802 lurimis
1354 4733 1656 4829 conquirendis,
1682 4735 1795 4808 enol-

280 4815 442 4905 vendis,
473 4819 574 4894 etin
595 4817 680 4896 usus
697 4819 786 4899 suos
804 4824 1007 4904 vertendis
1026 4750 1234 4906 codicihus
1254 4830 1525 4938 diligentium,
1542 4860 1630 4939 quse
1646 4857 1698 4910 ex
1710 4836 1800 4912 eius

94 4953 101 4962 ·
245 4995 251 5001 .
339 4917 424 4998 Vos..
449 4922 502 4998 u.
827 4939 829 4944 ·
1012 4923 1055 5002 V
1076 4950 1106 5010 v
1644 4961 1745 5036 ομ,
