4717 6050
557 480 559 487 ·
737 491 1377 589 cuuouuvararrc
1626 525 1796 621 ¹257,

347 685 523 803 redicti
542 703 674 803 casiri
696 703 816 801 feoit
840 702 1188 801 csse-custodes.
1244 657 1419 800 Postea
1439 734 1564 798 vero
1584 702 1719 798 aliud
1745 724 1821 801 ca·

310 738 452 919 irum
468 826 669 925 Dictum
683 820 1048 950 aputSanctu'm
1062 820 1315 917 Georium.
1347 819 1823 917 etcastrumDictum

142 937 150 955 ’
315 976 343 1037 a
381 958 436 1037 ut
455 939 661 1081 Pdsrnge
686 958 736 1036 et
758 940 1094 1077 Piberspurcir.
1117 955 1166 1034 et
1179 942 1430 1034 ciuitatem
1443 935 1624 1031 dictam
1636 938 1823 1068 Tyrna.

149 1278 154 1293 ,
312 1170 627 1274 Postmodum
648 1206 773 1275 vero
792 1204 886 1299 per
903 1190 1123 1300 pontem.
1148 1204 1296 1299 quem
1379 1173 1565 1269 rDanu

247 1098 272 1157 x
367 1092 424 1155 ec
454 1088 620 1154 omma
648 1059 812 1153 millo
837 1058 954 1152 loco
984 1056 1257 1151 exdiencia.
1278 1051 1487 1151 viriliter
1510 1060 1823 1269 ,ιηςξιιςιιεέἰιιὶῐτ
1925 1166 1930 1174 ‚

1601 1204 1701 1267 rum
1753 1204 1826 1269 erl

313 1296 459 1389 Iussit.
482 1282 599 1389 ¹cum
621 1292 849 1388 omnibus
871 1292 965 1387 suis
989 1293 1230 1387 transrens
1257 1324 1286 1386 a
1343 1292 1490 1385 aliam
1512 1304 1703 1413 partem
1724 1291 1823 1383 Vn·

32 1416 37 1423 ’
155 1507 160 1514 ,
311 1414 445 1628 {arie
469 1412 514 1505 se
532 1408 753 1624 remugit,
794 1408 1045 1536 quoddam
1076 1408 1276 1503 castrum
1309 1408 1493 1505 dictum
1518 1405 1827 1504 Cherfullen·
1930 1517 1932 1521 r
2056 1398 2063 1406 ’
2174 1352 2180 1359 ·

346 1530 487 1623 urch,
517 1544 568 1647 ct
689 1542 734 1622 rt
758 1541 810 1621 et
829 1525 1134 1622 altenburch.
1169 1541 1458 1653 potenterc
1528 1528 1744 1651 ugnauit.
1777 1539 1828 1622 et

317 1649 567 1743 ciuitatem
591 1642 1257 1857 Missenburch.{3Wselburg)
1289 1653 1400 1738 cum
1424 1676 1479 1739 ca
1517 1672 1573 1737 ro
1606 1644 1828 1738 totaliter

314 1763 613 1859 Deuasiauit
659 1761 771 1857 Rex
804 1791 929 1857 vero

313 1879 552 1978 resistente
582 1910 674 2005 per
697 1881 845 1973 Duos
868 1881 1060 1973 menses
1085 1882 1136 1973 in
1164 1878 1345 1973 eisdem
1370 1879 1591 2003 partibus
1615 1879 1828 2004 Vngarie
1857 1986 1863 1992 ,

313 2014 554 2127 potenter
581 1997 826 2091 manebat.
900 1996 1095 2089 Interea
1136 1994 1250 2088 Rex
1282 1996 1368 2089 Ste
1406 1997 1566 2088 hanua
1598 1995 1830 2122 Vngarie.

314 2118 525 2213 maxima
548 2113 865 2208 multitudine
883 2111 1223 2205 ¹Cumanorum
1259 2128 1364 2204 tum
1433 2140 1696 2235 ngarorum
1729 2112 1832 2206 col·
1866 2138 1874 2225 J

313 2236 442 2327 lecta
467 2236 517 2325 iu
533 2230 808 2355 oppositum
829 2231 936 2353 regi
948 2227 1190 2322 Bohemie
1212 2230 1350 2321 venit
1371 2229 1615 2353 inaquam
1627 2228 1831 2322 Dictam
1866 2338 1870 2341 Α
1955 2286 1960 2301 ·

315 2350 549 2443 Rebcncz
581 2346 821 2469 (Rabuitz)
845 2345 892 2438 se
914 2346 1113 2439 locauit
1156 2342 1257 2438 Sed
1281 2360 1454 2438 contra
1475 2374 1643 2483 regem
1665 2343 1836 2439 Bohc··

316 2467 413 2558 mie
434 2463 586 2557 nichil
606 2462 771 2555 facere
795 2477 1082 2585 potuerunt.
1109 2476 1209 2555 tam
1235 2492 1297 2555 ex
1319 2461 1427 2587 ipsis
1449 2462 1645 2555 scihcet.
1671 2464 1828 2604 Vnga·

176 2605 186 2625 ·
293 2588 389 2674 ris.
434 2581 520 2704 qui
549 2578 821 2703 predictam
847 2577 1060 2704 (aquam)
1085 2578 1279 2671 occulte
1300 2576 1600 2671 tranficrunt.
1629 2580 1830 2703 plunmi

315 2694 763 2818 submergebantur.
787 2706 838 2785 et
852 2694 916 2786 ab
928 2692 1211 2829 aduersarija
1224 2692 1504 2800 suntoccisi,
1557 2695 1681 2787 Item
1705 2728 1835 2795 vero

65 2934 69 2942 Ι
232 2862 240 2881 t
308 2842 403 2908 rex
426 2813 657 2904 bohemie
681 2807 861 2903 videns
895 2809 1030 2933 quod
1058 2812 1319 2933 proumcia
1353 2808 1484 2905 fame
1517 2842 1613 2937 quc
1639 2827 1833 2908 tautum

317 2928 539 3022 inualuit
581 2926 802 3051 crusque
828 2925 892 3018 ad
916 2926 1110 3020 messem
1145 2927 1368 3052 plenarie
1431 2926 1694 3023 erdurauit.
1725 2930 1833 3026 diu·

996 1762 1192 1856 ohemie
1217 1759 1383 1855 valida
1401 1792 1551 1856 manu
1577 1760 1718 1856 nulio
1743 1761 1827 1859 fibi
1947 1841 1951 1851 .

317 3048 418 3140 cius
441 3076 550 3139 cum
570 3058 709 3138 tanta
729 3042 1043 3138 multitudine
1065 3043 1189 3140 flare
1204 3071 1307 3139 non
1322 2959 1478 3172 poiiet
1499 3045 1680 3155 secessit
1697 3049 1837 3148 inde.
1995 3126 1999 3133 ,
2164 3088 2167 3095 ’

318 3179 368 3258 et
399 3163 456 3255 in·
473 3164 741 3255 Wicnnam
773 3160 905 3254 suam
931 3163 1180 3255 ciuitatem
1203 3164 1263 3255 se
1293 3165 1497 3288 recepit.
1530 3179 1580 3257 et
1603 3166 1690 3281 aiij
1708 3198 1830 3263 vero

318 3309 492 3372 omnes
528 3275 591 3370 ad
620 3277 824 3402 propria·
853 3277 963 3371 sunt
994 3277 1184 3371 reuersi.
1227 3279 1381 3398 Quod
1413 3278 1588 3374 videns
1610 3310 1700 3376 rex
1722 3285 1832 3380 Ste-

317 3397 513 3535 phanus
535 3395 763 3520 Vngarie.
794 3421 961 3531 regem
995 3391 1239 3487 Bohemie
1271 3425 1301 3487 a
1334 3410 1467 3489 terra·
1497 3398 1712 3539 Vngaria
1747 3432 1830 3495 exa

143 3629 146 3636 ¹
319 3512 465 3606 ruisse.
488 3525 539 3605 et
559 3512 669 3605 snos
694 3510 921 3604 hommes
949 3509 1162 3604 dimisisse
1189 3542 1218 3605 a
1241 3513 1290 3605 se
1315 3542 1502 3607 omncs.
1534 3516 1667 3610 mrsrt.
1689 3539 1830 3612 xxm*

321 3630 453 3724 milia
480 3621 797 3730 comanorum
821 3629 872 3720 in
892 3627 1202 3723 Marchuel'd.
1227 3644 1278 3723 et
1300 3632 1583 3726 morauiam.
1616 3635 1701 3758 qui
1723 3635 1831 3760 plu·

111 3779 114 3782 ·
287 3845 292 3850 ,
320 3751 492 3842 rimam
513 3758 854 3958 Kartemterrc
872 3745 1211 3885 perinccudia
1234 3747 1830 3958 etraqinasvastauerunt.

226 3871 269 3894 “’
322 3881 374 3960 et
396 3883 516 3991 proc
576 3862 723 3957 dolor
745 3861 1014 3958 multisunt
1037 3862 1176 3958 occisi
1209 3879 1260 3959 ct
1282 3894 1366 3958 mu
1387 3868 1423 3960 ti
1447 3897 1508 3961 ex
1532 3869 1602 3961 eia
1624 3867 1733 3964 sunt
1755 3900 1831 3964 ca·
1959 3919 2008 3978 ῃ

293 4084 296 4091 ,
320 3984 406 4107 pti.
432 3995 483 4075 et
501 3980 699 4107 plurimi
717 3981 807 4102 (in)
821 3981 1084 4105 Vngariam
1095 3981 1380 4078 introducti
1435 3983 1652 4080 Posti-'rec
1665 4000 1834 4080 tamen
1874 4015 1880 4027 ·

357 4130 443 4196 ace
465 4096 713 4222 firmaper
736 4099 992 4223 episcopor
1015 4112 1069 4192 et
1082 4103 1288 4194 comites
1299 4101 1513 4227 Vngarie
1534 4118 1654 4244 aput
1664 4133 1832 4232 regem

320 4131 552 4310 iohemie
578 4219 850 4354 impetrata.
879 4213 1100 4309 reddidit
1130 4217 1215 4339 ¹eis.
1249 4218 1445 4314 scilicet.
1469 4250 1582 4360 regi
1604 4221 1831 4345 Vngarie.
1868 4286 1872 4292 -

323 4333 435 4427 Rex
445 4331 686 4428 Bohemre
711 4333 895 4429 Omnia
920 4363 1017 4458 que
1040 4363 1130 4460 per
1145 4363 1257 4429 eum
1280 4367 1429 4430 manu
1449 4337 1614 4433 valrda
1636 4337 1833 4435 fucrant
1968 4423 1973 4434 .

325 4479 454 4575 expu
490 4467 616 4544 nata.
700 4444 970 4587 Gregorius
1027 4453 1111 4574 x.)
1129 4453 1553 4592 papaesiclcctua
1615 4455 1837 4552 Chadol·

325 4566 416 4661 dus
509 4569 787 4695 chinganus
812 4565 945 4692 obijt.
1064 4569 1233 4700 agriter
1258 4570 1559 4670 Gerhardus.
1586 4574 1833 4716 plebanus
1927 4617 1931 4623 ·
2081 4544 2085 4552 ¹

323 4685 632 4780 Wienneusrs
664 4683 798 4806 obijt.

389 4924 576 5016 Votll.
728 5031 734 5039 ,
1070 4921 1216 5068 ..Kk
1453 4976 1482 5025 a
1682 4911 1815 5022 M’s
2034 5019 2043 5031 ,
