4717 6050
634 392 1064 540 rarscorr
1140 451 1453 540 rerer.
1669 477 1746 555 a,

286 656 402 759 men
434 656 611 759 dicitur
640 662 898 874 accepisse,
949 662 1001 755 in
1042 662 1178 755 cuius
1218 660 1411 757 honore
1456 654 1800 759 Laureacensis

23 788 65 919 s·
205 768 210 778 ⁴
286 782 501 876 Ecclesia
545 784 707 875 extitit
788 778 1010 892 edicata,
1068 777 1192 873 Haec
1234 776 1579 875 Laureaeensis
1625 781 1803 875 ciuitas

129 1959 132 1964 ’
280 1965 446 2083 regem
477 1944 716 2058 inductae,

286 912 401 993 ante
434 915 656 1023 tempora
692 896 890 991 humilis
923 894 1039 1009 fuit,
1089 895 1172 989 sed
1205 898 1423 1106 primum
1460 923 1550 1022 per
1588 894 1800 989 Gordia·

283 1044 403 1107 num
436 1016 659 1123 Cesarem
689 1029 748 1111 vt
783 1014 1094 1139 praemittitur
1127 1012 1203 1107 Po
1241 1044 1300 1106 ea
1331 1040 1451 1106 vero
1524 1042 1577 1105 er
1599 1011 1800 1105 beatum

283 1128 569 1257 Philippum
602 1144 653 1224 et
689 1133 793 1225 eius
830 1129 1116 1222 successores
1148 1130 1261 1267 post
1296 1158 1408 1223 uam
1449 1041 1595 1222 fidem
1630 1126 1805 1231 christi

282 1245 493 1364 deuote,
527 1247 753 1340 doctrina
772 1248 937 1386 magui
956 1248 1186 1369 Origenrs
1205 1160 1408 1370 suscepit
1428 1261 1480 1338 et
1501 1239 1671 1338 sordes
1693 1241 1800 1379 ido·

283 1358 440 1457 latriae
473 1364 678 1476 abiecit,
709 1378 764 1457 vt
791 1392 977 1489 primus
1006 1362 1350 1456 Romanorum
1378 1386 1549 1487 regum
1580 1356 1800 1471 Christia-

285 1507 355 1571 no
402 1482 605 1575 nomine
645 1480 914 1620 gloriatur,
957 1478 1123 1571 multis
1166 1478 1488 1601 amplioribus
1529 1476 1707 1613 opibus
1750 1488 1803 1570 et

282 1592 558 1689 honoribus
588 1593 683 1691 furt
712 1628 822 1690 cum
854 1597 936 1689 sua
966 1592 1165 1689 ecclesia
1199 1598 1277 1714 (ut
1297 1624 1450 1722 opera
1470 1591 1584 1687 sides
1603 1593 1801 1718 respon·
1856 1701 1861 1713 s

281 1706 479 1832 derent)
511 1712 724 1807 exaltata
755 1713 881 1807 adeo
906 1726 960 1805 vt
978 1710 1136 1837 qualis
1161 1713 1280 1806 olim
1302 1706 1451 1806 fuerit
1467 1710 1800 1823 Laureacum‚

280 1827 387 1921 *eius
423 1830 574 1922 ruinis
608 1830 788 2039 (ruinaep
832 1858 923 1955 per
954 1829 1269 1954 prophanum
1303 1827 1511 1923 Attilam
1537 1829 1800 1921 Hunorum

784 1958 965 2039 occant
1002 1942 1274 2036 euidenter.
1344 1944 1439 2035 Hic
1474 1943 1631 2035 Attila
1662 1941 1803 2034 Chri·
1839 1971 1845 1997 ’

148 2074 153 2081 ’
280 2058 569 2155 stianrsmum
599 2060 670 2175 sie
690 2066 743 2155 in
772 2060 960 2155 Austris
991 2060 1129 2184 perse
1167 2061 1298 2151 uitur
1327 2072 1382 2151 vt
1411 2054 1641 2151 omnibus
1670 2056 1799 2150 vrbis

279 2176 372 2271 bus
419 2177 591 2273 dirutis
643 2179 762 2271 licet
814 2174 1077 2271 fortissimis
1130 2090 1363 2271 geturam
1404 2174 1525 2267 alias
1568 2169 1801 2288 Troiam,

284 2292 595 2407 Traismaur,
626 2287 1808 2415 Laureacum,preclaram(s10diePechlarn)iux·

102 2408 106 2415 ’
279 2422 330 2500 ta
360 2409 561 2500 fluuium
592 2408 808 2530 Danubij
841 2406 905 2501 ad
936 2409 1090 2502 solum
1120 2410 1270 2535 vsque
1312 2405 1605 2521 deduceret,
1646 2422 1698 2499 et
1727 2407 1802 2500 iu·

277 2523 348 2620 tui
378 2523 639 2617 macellum
674 2528 923 2620 martirum
962 2527 1032 2619 eri
1097 2540 1200 2639 ret,
1251 2539 1303 2618 et
1331 2553 1435 2649 prae
1464 2522 1672 2616 horrore
1711 2522 1800 2617 hu·

278 2671 478 2735 manum
511 2670 734 2734 cruorem
776 2670 947 2735 eorum
987 2641 1038 2734 su
1075 2643 1333 2779 terraneis·
1356 2640 1594 2765 specubus
1637 2637 1799 2734 absor-
1975 2730 1979 2733 .
2106 2703 2112 2709 ι

279 2757 386 2851 beri
416 2760 697 2882 preciperet
725 2756 985 2880 Philippus
1007 2758 1090 2852 isle
1105 2758 1398 2852 Pannoniae
1424 2756 1672 2849 interioris
1686 2786 1796 2879 quae

277 2900 409 2965 nunc
442 2874 517 2965 Vn
554 2877 653 2967 aria
686 2887 737 2966 et
766 2873 833 2967 Su
873 2874 1046 2967 erioris
1113 2904 1189 2968 uae
1219 2904 1352 2967 nunc
1396 2870 1583 2965 Austris
1610 2870 1686 2964 'ad
1727 2878 1798 2969 A·

274 2989 440 3084 nasum
483 2902 632 3115 usque
664 2904 893 3114 protenia
925 3004 976 3084 et
1004 2904 1157 3086 Mdire
1187 2989 1315 3086 vltra
1352 2987 1642 3127 Danuuium
1683 3019 1805 3113 pro·

274 3107 414 3198 trusae
439 3137 528 3228 per
551 3124 749 3198 centum
773 3107 982 3229 miliaria
1005 3107 1240 3230 usquead
1265 3106 1579 3229 Herbrpolrm
1606 3105 1797 3226 (secun-

277 3219 691 3340 dum'historiam)
727 3237 778 3312 et
802 3219 863 3313 ab
884 3219 1157 3345 Herbipoli
1180 3240 1337 3346 usquc
1357 3220 1424 3313 ad·
1441 3224 1642 3313 traciam
1665 3253 1794 3346 quae

277 3331 432 3432 Mesia
465 3335 670 3430 inferior
703 3365 813 3474 quae
843 3336 975 3430 inter
1008 3338 1337 3450 Dalmatiam,
1369 3350 1444 3454 ‚et
1483 3336 1795 3448 Pannoniam

273 3453 338 3548 ad
371 3452 625 3546 meridiem
647 3450 867 3566 adiacet,
898 3450 1129 3574 dominus
1155 3452 1653 3578 temporalis-extitit,
1678 3453 1794 3552 seut

275 3583 326 3666 et
362 3597 451 3662 rex
485 3569 706 3664 scribitur
734 3567 869 3662 fuisse
901 3584 953 3664 et
981 3568 1214 3665 dominus
1258 3585 1310 3663 et
1348 3570 1533 3708 primus
1574 3583 1630 3662 vt
1667 3601 1794 3694 prae·
1876 3654 1880 3663 .

276 3686 488 3779 diximus
545 3689 673 3780 inter
713 3685 970 3782 Romanos
1012 3703 1156 3814 reges
1197 3685 1493 3780 Christianus
1536 3714 1646 3778 cum
1688 3685 1791 3785 lilio

186 3831 192 3840 ·
272 3804 357 3897 suo
397 3803 578 3895 iuniori
618 3803 774 3896 altero
826 3800 1088 3928 Philippo,
1171 3803 1359 3928 septem
1415 3803 1555 3896 annis
1590 3801 1792 3920 lRorua·

274 3949 393 4013 num
424 3919 717 4044 gubernauit
740 3920 1030 4041 Imperium,
1062 3921 1222 4045 quiet
1244 3920 1338 4015 hac
1360 3916 1640 4034 occasione,
1672 3918 1791 4016 dum

273 4035 434 4130 adhuc
466 4037 629 4130 seruus
658 4035 912 4130 idolorum
944 4034 1192 4151 existmet,
1222 4065 1421 4130 manum
1451 4033 1612 4140 misisse
1633 4038 1788 4142 eredi-
1877 4096 1885 4106 ·

273 4167 353 4248 tur
379 4153 433 4244 in
469 4149 802 4264 Gordianum,
834 4151 950 4290 quia
984 4152 1138 4277 ipsum
1176 4152 1292 4247 dum
1336 4152 1614 4248 Germanos
1662 4154 1787 4248 subi·

272 4282 435 4410 geret,
466 4273 612 4363 etiam
645 4267 708 4362 ad
740 4265 1048 4362 serurendum
1081 4268 1321 4364 Romanis
1368 4269 1557 4408 coegit,
1615 4267 1789 4368 sedet

173 4461 177 4471 .
274 4386 375 4480 1se
406 4385 510 4507 post
540 4387 641 4509 (per
693 4385 904 4478 Decium
944 4382 1008 4479 de
1037 4383 1298 4482 Pannonia
1326 4385 1549 4480 insenori
1579 4387 1786 4483 militem

265 4513 409 4594 uum
443 4501 571 4594 circa
649 4525 852 4595 crunam
881 4505 931 4594 in
964 4503 1220 4626 papilione
1256 4518 1405 4600 nocte
1447 4501 1786 4598 fraudulenter

278 4615 490 4710 tumultu
528 4631 711 4711 exorto·
732 4617 977 4712 occiditur
1010 4649 1145 4712 anno
1175 4618 1364 4712 domini
1403 4617 1484 4713 CC
1497 4617 1546 4712 li.
1579 4635 1634 4714 vt
1667 4620 1786 4714 dici·

274 4747 375 4853 tur,
405 4735 472 4836 Et
505 4731 633 4835 filius
657 4735 848 4835 iuuenis
868 4735 1128 4864 Philippus
1145 4733 1346 4855 Romae,
1375 4735 1627 4949 poliquapm
1649 4735 1785 4834 The·

1579 4883 1726 4951 auros
