4717 6050
622 403 625 413 Ι
707 485 780 558 us
900 445 908 456 '
1026 452 1808 541 u.scun1rovrnr

657 667 988 798 praelatorum.
1033 659 1145 758 Poll
1157 676 1324 757 tamen
1335 658 1473 787 Papa
1485 660 1975 778 restituto‚libertate
1991 663 2159 765 etfacta

659 782 951 900 concordia,
981 781 1197 906 suscepta
1221 811 1409 875 corona·
1429 797 1480 876 et
1500 781 1747 907 Imperiali
1767 779 2048 878 diademate
2068 783 2161 880 Mea

639 904 913 1000 ¹diolanum
949 900 1123 1026 saepius
1165 901 1219 992 in
1264 897 1592 993 rebellionem
1627 900 1974 996 reuoluentem
2010 901 2160 996 obsidi-

660 1051 759 1118 one
793 1020 971 1134 cinxit,
1026 1034 1078 1112 et
1115 1013 1377 1110 tandema
1416 1014 1751 1113 fundamentis
1793 1016 1970 1133 diruit,
2011 1049 2157 1116 muros

657 1139 919 1250 subuertit,
959 1151 1117 1229 turres
1153 1132 1362 1247 deiecit,
1433 1166 1491 1228 ac
1528 1134 1697 1229 vrbem
1745 1136 1859 1262 igne
1903 1135 2157 1252 succendit,

657 1258 786 1353 Huic
825 1251 1066 1348 obfidioni
1096 1283 1208 1345 cum
1250 1253 1416 1346 multis
1460 1252 1703 1377 episcopis
1745 1253 1991 1377 praefatus:
2026 1252 2156 1346 domi·-

658 1405 752 1468 nus
784 1370 1041 1467 Conradus
1071 1367 1294 1467 interfuit
1322 1384 1472 1494 prout
1502 1400 1567 1463 ex
1586 1386 1771 1464 'tenore
1847 1371 1993 1464 riuile
2021 1373 2054 1492 'ij
2091 1371 2156 1465 sibi

694 1522 751 1586 ro
783 1505 901 1586 tunc
938 1486 1000 1581 ab
1039 1483 1220 1623 eodem
1256 1487 1559 1613 Imperatore
1592 1489 1732 1614 super
1760 1401 2158 1586 Asbatiaianct'ae

659 1525 834 1706 illariae
866 1611 917 1699 in
947 1604 1154 1699 Pataura
1186 1605 1380 1698 collatae
1410 1605 1606 1730 plenius
1639 1608 1950 1720 continetur,
1993 1605 2047 1699 ln
2075 1636 2153 1730 quo

531 1779 540 1792 ·
662 1729 720 1822 ste
760 1725 970 1818 habetur
1010 1727 1141 1816 inter
1183 1738 1375 1816 caetera.
1407 1777 1426 1803 ι
1455 1777 1475 1798 -
1505 1776 1524 1798 ·
1594 1725 1944 1818 Vniuersornm
1987 1722 2154 1849 Imperii

511 1859 515 1866 ’
652 1843 807 1941 ‘nostri
839 1841 1056 1940 fidelium
1088 1855 1187 1933 tam
1219 1839 1384 1934 futura
1414 1872 1561 1966 quam
1581 1841 1793 1966 praesens
1813 1842 2014 1937 nouerit
2033 1857 2156 1950 aetas,

660 1961 872 2090 qualiter
901 1987 994 2052 nos
1037 1958 1120 2096 pio
1162 1989 1226 2050 ac
1261 1956 1433 2052 sedulo
1474 1975 1648 2087 rogatu
1688 1956 1979 2053 dilectissimi
2019 1957 2154 2084 patrui

657 2078 806 2175 nostri
837 2073 1056 2170 Conradr
1084 2076 1382 2212 venerabilis
1414 2078 1630 2202 episcopi
1651 2076 1951 2171 Patauiensrs
1976 2092 2025 2171 et
2045 2077 2153 2200 prin·

660 2201 824 2322 cipum
855 2195 1137 2287 interuentu
1169 2192 1434 2287 Abbatram
1463 2195 1640 2288 sanctae
1672 2193 1847 2288 Mariae
1879 2196 1932 2288 in
1976 2193 2152 2288 Patauio

660 2345 772 2410 cum
804 2312 941 2406 omni
970 2313 1073 2404 inte
1110 2311 1254 2404 ritate
1286 2326 1337 2405 et
1368 2311 1560 2405 honore
1584 2343 1702 2436 ‘quae
1732 2309 1796 2404 ad
1826 2343 1922 2408 nos
1954 2327 2005 2406 et
2027 2314 2150 2433 impe·

659 2435 787 2528 rium
817 2429 1037 2567 spectare
1069 2340 1391 2554 dignoscitur,
1421 2428 1655 2523 videlicet
1684 2459 1795 2524 cum
1820 2431 2047 2528 omuibus
2067 2423 2151 2560 pos·

659 2549 940 2646 selliombus
971 2549 1103 2643 intus
1136 2561 1188 2638 et
1218 2549 1436 2639 exterius
1465 2578 1577 2641 cum
1605 2545 1994 2642 ministerialibus
2028 2546 2149 2638 seruo

661 2683 712 2762 et
742 2665 935 2760 ancillis
969 2679 1020 2760 et
1041 2664 1215 2778 ¹villis,
1247 2679 1299 2756 et
1327 2666 1471 2757 terris
1503 2665 1646 2758 cultis
1667 2677 1719 2756 et
1737 2665 1965 2779 incultis,
1995 2661 2147 2769 vincis,

661 2817 690 2878 a
747 2785 814 2899 is,
858 2783 1038 2908 pratis,
1069 2783 1245 2910 syluis,
1275 2781 1490 2904 pascuis,
1522 2785 1687 2908 aquiS,
1728 2813 1963 2908 aquarum
2005 2779 2145 2872 decus

660 2901 690 2999 si
729 2933 815 3014 us,
844 2900 1172 3012 molendinis,
1196 2900 1572 3022 piscationibus,
1604 2916 1786 2992 etcum
1809 2901 1948 2994 omni
1969 2897 2144 2992 utilitate

660 3017 727 3114 ad
751 3018 902 3142 ipsam
934 3020 1216 3143 pertinente
1249 3015 1312 3112 ad
1341 3017 1691 3143 Episcopatum
1719 3017 2052 3112 Patauiensem
2084 3011 2144 3102 be·

388 3174 432 3255 ῃ
519 3226 523 3231 ,
662 3152 749 3230 ato
779 3134 1036 3261 Stephano
1076 3134 1367 3230 tradidimus
1396 3164 1399 3172 ·
1410 3166 1503 3259 pro
1548 3136 1637 3230 reli
1675 3138 1786 3230 'oue
1829 3140 1883 3229 in
1924 3166 1985 3230 eo
2023 3128 2143 3225 resor-

662 3252 865 3367 manda,
908 3270 959 3347 et
988 3283 1081 3378 pro
1111 3252 1336 3346 remedio
1369 3255 1544 3346 animae
1575 3285 1640 3346 no
1660 3276 1773 3367 trae,
1834 3270 1887 3348 et
1917 3242 2143 3348 antecessu

660 3400 767 3465 rum
798 3366 1070 3464 nostrorum
1101 3372 1189 3464 tali
1220 3374 1556 3465 conuentione
1579 3373 1822 3467 internos
1845 3366 2143 3466 interuenien-

589 3600 592 3609 ,
659 3502 738 3601 te,
799 3502 851 3581 vt
894 3489 1152 3613 episcopus
1193 3502 1245 3582 et
1286 3490 1392 3581 eius
1431 3490 1897 3585 successoresnobis
1929 3504 1977 3583 et
2006 3477 2121 3577 nos'

659 3604 1008 3701 succesoribus.
1033 3605 1230 3731 smgulis
1258 3608 1401 3700 annis
1441 3608 1493 3699 in
1534 3608 1798 3745 epiphania
1840 3604 2027 3702 domini
2059 3590 2139 3690 XL·

659 3722 808 3816 libras
839 3720 979 3817 Ratis
1019 3724 1209 3819 onensrs
1239 3738 1455 3819 monetae
1485 3752 1622 3851 regio
1654 3722 1765 3818 fisco
1798 3724 1860 3818 de
1884 3722 2049 3820 eadem
2064 3708 2141 3846 Ab·

567 3892 569 3899 ι
660 3838 793 3933 batia
824 3756 1128 3965 (perfidam.)
1188 3842 1270 3935 Ab
1310 3844 1404 3935 hac
1445 3859 1612 3936 autem
1643 3842 1915 3938 donatione
1947 3835 2138 3957 Abbauu

657 3954 909 4083 praedictae
940 3960 1257 4054 Aduocatum
1289 3960 1574 4083 excipimus.
1652 3961 1801 4054 Cuius
1841 3955 2137 4075 Inuestituram

587 4188 592 4199 ο
660 4076 803 4170 nobis
834 4074 1104 4217 nost-risque
1135 4078 1477 4172 successoribus
1517 4080 1714 4203 regibus
1763 4093 1813 4172 et
1865 4082 2145 4203 Imperatore

657 4187 748 4283 bus
780 4224 887 4285 cum
916 4224 1052 4289 omn1
1076 4198 1178 4293 inte
1238 4198 1358 4289 itate
1381 4196 1697 4289 reseruamus.
1748 4196 2043 4290 Mandamus
2065 4190 2136 4273 etc.-

656 4306 723 4400 Et
757 4324 809 4403 vt
839 4312 946 4407 haec
975 4314 1133 4408 nostra
1206 4314 1375 4407 onatio
1418 4328 1523 4405 rata
1569 4328 1619 4407 et
1661 4314 1939 4410 inconcussa
1979 4321 2133 4433 perma-

487 4453 491 4465 ·
657 4440 774 4562 neat
803 4430 858 4521 in
922 4446 1179 4555 erpetuum
1210 4432 1338 4524 hanc
1381 4430 1537 4535 nostri
1567 4434 1813 4557 priuilegij.
1851 4432 2064 4571 paginam
2095 4407 2173 4554 [ἰὴ

604 4587 609 4597 ·
690 4542 760 4633 rlh
800 4578 866 4639 no
906 4552 949 4641 ri
992 4552 1285 4663 auctoritate
1334 4547 1415 4641 inst
1452 4550 1543 4642 niri
1598 4565 1649 4641 et
1701 4554 1878 4645 muniri
1934 4541 2129 4663 lussrmflsr

623 4718 625 4723 ,
674 4662 812 4757 ,ulus
842 4663 1020 4760 nostrae
1060 4668 1345 4762 donationis
1377 4680 1427 4759 te
1467 4700 1527 4761 es
1558 4670 1712 4781 sunt,
1736 4667 1976 4793 Pilgrinus
2008 4656 2128 4752 Pau·
2241 4691 2242 4700 ¹

654 4784 1191 4927 archalAquilegenfis..
1240 4785 1469 4885 fflllinus,
1490 4784 1815 4952 Treuercnsrs.
1853 4770 2127 5016 architas&
