4717 6050
659 422 739 515 με
946 354 1006 498 x.
1064 376 1423 497 nnnnxnu'r
1460 348 1702 499 nonrcr

608 622 807 721 quenis
844 650 954 717 cum
979 620 1194 745 occisore
1226 621 1309 715 suo
1343 620 1528 749 pariter
1557 635 1612 716 et
1655 618 1815 717 occiso
1855 633 1986 719 terre
2028 620 2145 717 bu··

609 772 746 837 mero
781 738 1053 833 adherebat
1092 770 1192 863 quo
1224 740 1326 834 viso
1368 755 1658 833 cunctorum
1691 743 1744 833 in
1777 740 1939 833 celum
1959 769 2121 837 uoces

609 888 721 953 cum
754 858 966 953 lacrimis
1000 856 1269 950 eleuantur.
1328 856 1488 951 Huius
1509 858 1581 949 rei
1602 857 1755 982 prisce
1778 858 1947 980 (triste)
1971 887 2123 951 omen

608 1003 720 1071 cum
763 990 907 1101 pater
951 988 1003 1067 et
1043 1002 1278 1099 proceres
1320 972 1656 1100 cognouissent
1703 975 1820 1075 illuc
1862 971 2121 1093 venientes

608 1092 885 1188 deliberare
921 1122 977 1185 ce
1018 1104 1161 1185 erunt
1189 1090 1272 1210 vbj
1304 1120 1419 1185 nam
1453 1101 1555 1185 tam
1591 1090 1792 1185 charum
1822 1088 1969 1207 funus
2005 1122 2121 1185 con-

608 1208 828 1305 descenti
861 1210 962 1330 (corz
1020 1208 1157 1330 cenci)
1195 1202 1449 1303 traderent
1478 1209 1529 1332 se
1566 1210 1741 1304 ulture.
1801 1208 1903 1303 Pro
1932 1210 2120 1335 sapien-

608 1330 679 1422 tia
712 1324 825 1441 dei,
866 1328 967 1450 qui·
982 1356 1045 1421 ex
1079 1322 1289 1419 tristibus
1320 1240 1645 1451 quorumdam
1692 1324 1952 1421 euentibus
1995 1341 2120 1419 eter-

607 1474 723 1541 nam
750 1442 953 1538 salutem
988 1442 1213 1583 pluribus
1247 1472 1280 1537 o
1319 1454 1482 1537 eratur
1526 1450 1639 1538 cum
1673 1444 1726 1537 in
1764 1446 1862 1537 hoc
1906 1441 2126 1540 bawarie

495 1598 504 1609 ·
605 1563 862 1691 provincie
893 1562 1143 1656 terntorio
1176 1562 1292 1656 inco
1316 1563 1356 1655 's
1385 1560 1530 1655 huius
1559 1561 1661 1655 loci
1691 1561 1960 1655 animarum
1992 1589 2125 1655 conr·

608 1680 759 1777 moda
786 1676 1074 1807 providisset
1105 1672 1392 1803 intempeste
1424 1678 1588 1774 noctis
1609 1678 1820 1773 srlencio.
1849 1691 1992 1803 pater
2011 1706 2123 1803 cum

607 1801 702 1895 suis
737 1800 866 1893 circa
888 1795 1036 1890 funus
1060 1794 1309 1893 excubans
1334 1796 1433 1890 cari
1454 1798 1561 1889 nati
1581 1794 1702 1893 vidit
1725 1794 1937 1891 Ceruum
1956 1824 2126 1922 quem-

566 1986 569 1991 ·
610 1915 726 2010 dam
758 1946 787 2009 a
816 1910 1035 2008 vastitate
1069 1914 1184 2008 silue
1216 1916 1501 2008 venientem
1527 1917 1652 2009 etin
1683 1914 1860 2009 erectis
1886 1910 2119 2008 comibus

609 2029 842 2128 candelas
887 2032 1059 2158 igneas
1096 2029 1435 2127 ostendentem
1478 2062 1535 2125 ac
1578 2034 1632 2127 in
1675 2032 1790 2127 loco
1831 2032 1935 2155 ipso
1975 2029 2122 2123 comi·

378 2147 395 2231 .‘
441 2154 474 2243 .'
607 2180 703 2246 nus
738 2148 1061 2244 subsistentem
1084 2148 1250 2269 Quem
1273 2148 1504 2244 dominus
1536 2149 1659 2244 deus
1696 2148 1853 2243 nostre
1875 2146 2121 2243 structure.

608 2269 776 2395 Atque
823 2266 1047 2362 defuncti
1076 2268 1298 2393 corporis
1329 2265 1737 2393 preordinauerat
1768 2266 1815 2361 se
1853 2264 2036 2379 ultore,
2074 2265 2123 2357 A

646 2415 711 2480 uo
748 2385 866 2481 loco
903 2383 1075 2480 diuelli
1106 2414 1210 2480 non
1240 2385 1405 2523 potuit
1447 2412 1477 2476 a
1515 2414 1765 2509 quoquam
1804 2296 1966 2479 donec
2014 2411 2123 2506 pre·-

608 2416 726 2633 legii
757 2502 940 2598 secreta
975 2501 1040 2596 ad
1074 2504 1296 2597 veritatls
1329 2499 1584 2595 intellecte
1609 2504 1939 2597 coniecturam
1963 2497 2119 2623 publi·

609 2652 666 2721 ce
699 2618 1035 2735 deferrentur,
1068 2620 1199 2715 Hinc
1223 2650 1368 2713 mane
1402 2616 1536 2713 facto
1572 2649 1750 2745 corpus
1784 2618 1981 2713 quenis
2015 2641 2122 2712 cum

610 2739 792 2834 debitis
833 2738 1169 2877 exsequiarum
1213 2735 1461 2830 solenniis.
1557 2734 1714 2829 Terre
1818 2736 1948 2829 emio
1995 2762 2123 2827 com·

577 2890 581 2897 ·
609 2855 872 2951 mendatur
894 2855 1067 2976 lbrque
1089 2853 1255 2977 lignea
1274 2850 1466 2946 basilica
1486 2854 1710 2978 primitus
1730 2850 1781 2945 fa
1815 2855 1997 2946 ricatur
2058 2876 2121 2943 ue

457 3069 458 3076 Ν
611 2968 792 3066 deinde
823 2970 1158 3097 surrigiturln
1192 2968 1387 3063 culmen
1418 2968 1688 3090 monasterij
1722 2968 2011 3096 sumptuosi,
2073 2996 2122 3058 e·
2293 3009 2294 3037 ι

517 3157 524 3175 .
611 3085 728 3183 inde
760 3087 960 3213 fragiles
993 3089 1223 3190 homines
1256 3086 1339 3181 sed
1374 3087 1534 3182 celesti
1577 3089 1957 3184 conuersacione
1987 3083 2124 3179 subli-

457 3279 459 3282 -
609 3235 715 3302 mes
748 3219 1110 3334 congregantur
1138 3207 1191 3299 in
1220 3234 1371 3297 vnum
1413 3202 1665 3328 prodeunt
1696 3200 1945 3312 inultum
1989 3199 2123 3295 habi·

608 3323 772 3418 tacula
803 3325 1158 3417 monachorum
1189 3319 1471 3438 Monaslerij
1515 3321 1698 3448 fastigia
1731 3322 2010 3418 exaltantur
2042 3317 2125 3414 Ab

608 3443 734 3538 taria
766 3440 897 3550 sacra
943 3440 1267 3566 consurgunt,
1306 3442 1354 3534 A
1422 3452 1530 3533 etur
1569 3438 1778 3535 deuocio
1811 3436 2032 3536 etmulti
2064 3434 2128 3530 li·

610 3571 748 3654 catur
777 3587 1009 3652 numerus
1042 3555 1339 3652 deuotorum
1356 3468 1538 3650 ugEcce
1575 3585 1640 3650 ex
1681 3557 1774 3652 hac
1809 3556 1950 3650 causa
1985 3468 2123 3682 plln·

608 3675 740 3770 tacio
775 3673 1001 3790 ecclefie,
1033 3705 1129 3799 que
1159 3673 1573 3769 Krembsmunsler
1603 3667 1668 3766 est
1704 3675 1903 3800 incepta
1939 3687 1991 3767 et
2033 3700 2123 3764 no·

610 3790 779 3886 biliter
820 3821 947 3910 cum
969 3791 1212 3918 solempni
1253 3791 1452 3916 llematc
1498 3791 1778 3886 consumata
1819 3824 1852 3885 a
1892 3787 2118 3919 predicto

609 3921 661 4004 et
692 3907 853 4032 sepius
885 3907 1100 4003 dicendo
1136 3911 1361 4034 principe
1395 3906 1657 4005 Taffilone.
1725 3911 1876 4006 Anno
1914 3908 2121 4003 ducatus

609 4025 680 4120 sui
706 4026 835 4120 xxx'.
869 4024 1067 4120 dicione
1098 4027 1379 4149 (indictione)
1400 4027 1558 4154 prima
1592 4040 1643 4122 et
1663 4057 1794 4124 anno
1813 4027 2003 4156 primo,
2033 4018 2117 4118 du·

498 4265 501 4270 Ι
609 4153 747 4239 catus
780 4139 850 4238 sui
885 4140 965 4266 filij
995 4141 1292 4243 Theodonis
1326 4158 1419 4239 etc.

905 4375 990 4475 De
1024 4391 1136 4476 ortu
1169 4377 1357 4476 Aullrie
1372 4381 1693 4508 ,principatus
1727 4395 1821 4477 etc.

724 4609 908 4706 verum
948 4611 1090 4740 supra
1134 4613 1319 4709 arctum
1366 4613 1443 4709 en.
1472 4577 1607 4741 qnod
1653 4559 1882 4714 domnus
1934 4580 2114 4712 Tanto

609 4741 730 4854 aput
761 4727 1041 4824 laureacum
1069 4731 1163 4827 siue
1197 4731 1410 4829 Anesum
1441 4732 1684 4829 relideret.
1742 4735 1948 4860 Exquo
1982 4731 2115 4830 vide·

608 4859 688 4942 tur
710 4845 763 4941 in
796 4847 901 4942 cius
936 4845 1133 4949 dicione
1159 4865 1212 4948 et
1241 4850 1450 4961 aliorum
1470 4849 1649 4949 ducum
1670 4851 1884 4953 bawarie
1913 4849 2116 4951 extitisse

1135 5040 1142 5048 2
1967 4999 2065 5099 ‘er
