4717 6050
522 444 525 450 ⁴
662 446 767 529 με·
837 357 1968 512 v.eannanmuoarcr'onuscvda.
2033 468 2037 479 .

497 630 519 720 ᾗ
607 626 797 723 leretur
825 638 876 717 et
911 623 1078 747 plures
1117 622 1200 743 alij1
1229 600 1579 746 torquerentur
1613 636 1669 713 ut
1707 621 1890 747 legitur
1936 627 1993 715 in
2038 628 2138 723 rita

611 742 762 841 lancti
794 742 1021 836 Seuerini
1055 738 1457 865 conlefforis.·qui
1483 770 1570 833 eos
1601 738 1895 833 hortabatur
1938 743 2137 841 transire

564 948 572 971 χ
613 860 677 956 ad
714 873 907 954 exteras
940 860 1174 951 naciones
1204 856 1286 949 vel
1316 856 1492 981 procul
1528 856 1713 981 politas
1738 862 1976 984 regiones
1990 861 2012 970 ‚'
2047 860 2138 955 le·

316 994 324 999 ’
375 1039 379 1051 ·
435 1046 438 1052 ι
611 980 741 1107 gitur
764 1006 963 1118 quoque
996 974 1130 1101 quod
1161 973 1410 1069 lohannes
1441 996 1573 1098 papa
1612 974 1693 1094 iiij.
1735 976 1927 1070 multos
1969 974 2141 1075 fideles

514 1191 517 1200 ,
611 1128 703 1225 per
738 1096 962 1191 Histriam
1001 1108 1051 1187 et
1082 1093 1338 1186 almaciam
1375 1093 1702 1214 (Dalmatiam)
1739 1096 1973 1218 captiuos
2001 1097 2139 1190 aler·

417 1216 419 1227 '
611 1218 770 1309 uitute
800 1212 1085 1307 liberauerit
1116 1225 1167 1305 et
1197 1210 1351 1304 multa
1381 1240 1594 1334 corpora
1623 1210 1904 1305 sanctorum
1939 1212 2056 1331 Que
2079 1212 2137 1313 de

584 1334 719 1457 =Hijs
752 1331 1014 1457 provincijs
1047 1326 1228 1436 deduci
1257 1328 1378 1422 fecit
1406 1328 1547 1421 quta
1575 1328 1768 1422 fontem
1808 1330 2138 1434 latranenlem

611 1454 670 1549 ln
703 1449 937 1544 Oratorio
970 1446 1122 1540 lancti
1151 1446 1389 1539 Iohannis
1419 1443 1638 1569 waptiste
1670 1443 1898 1540 condidit
1929 1446 2057 1541 Item
2078 1446 2138 1544 ad

615 1570 713 1665 alia
744 1565 844 1661 dici
872 1562 1031 1690 potest
1061 1562 1199 1689 quod
1240 1560 1436 1657 austriae
1466 1562 1646 1689 Styria.
1684 1560 1833 1689 ydria
1875 1578 1932 1657 et
1976 1562 2136 1659 Carin-

615 1689 722 1807 thia
753 1684 815 1777 ab
856 1684 1059 1807 antiquo
1103 1681 1408 1805 principatus
1449 1710 1555 1773 non
1596 1696 1738 1774 erant
1777 1680 1915 1893 guia
1954 1681 2137 1777 Aulhia

616 1804 680 1899 de
708 1800 886 1895 linibus
909 1798 1168 1893 Pannonie
1196 1814 1329 1911 erat,
1361 1795 1509 1925 ystria
1542 1796 1667 1891 stiria
1700 1813 1751 1895 et
1827 1798 2047 1923 arinthia
2078 1797 2135 1893 de

615 1916 988 2018 schlauinielrue
1002 1913 1270 2010 Germanic
1284 1918 1502 2041 regione.
1534 1914 1637 2011 Sed
1650 1914 1911 2011 Pannonia
1927 1916 2135 2013 sewMe·

471 2080 474 2091 ’
531 2158 534 2163 ¹
617 2038 680 2135 lia
700 2036 900 2161 plurimi
932 2062 1029 2159 que
1058 2063 1150 2157 per
1180 2034 1228 2127 se
1259 2031 1412 2129 duces
1442 2032 1526 2127 vel
1566 2064 1619 2127 re
1655 2065 1708 2152 es
1748 2031 2037 2129 habuerunt
2072 2034 2133 2141 le,-

424 2250 428 2258 ,
542 2165 547 2173 ’
616 2160 729 2283 pius
760 2167 927 2246 tamen
958 2149 1042 2244 sub
1074 2148 1260 2259 tributo
1292 2150 1595 2247 Francorum
1681 2166 1825 2263 erunt
1856 2150 1977 2246 ficut
2001 2166 2051 2247 et
2068 2164 2132 2245 to-

464 2306 480 2339 -.
618 2291 672 2371 ta
703 2266 972 2366 Germania
1002 2281 1054 2363 et
1084 2298 1259 2364 omnes
1291 2267 1458 2364 Gallie
1488 2300 1541 2367 re
1579 2274 1718 2367 'ones
1750 2272 1986 2395 proprios
2015 2270 2133 2393 prin·

622 2394 759 2517 cipes
789 2419 895 2483 non
923 2385 1194 2482 habebant·
1249 2386 1352 2507 Qui
1381 2413 1506 2482 vero
1574 2383 1783 2484 udiolius
1812 2383 1939 2483 scire
1965 2384 2132 2482 defide-

553 2566 558 2581 ·
621 2523 698 2605 rat
713 2505 947 2615 ,Kathalo
1016 2536 1064 2598 m
1096 2502 1277 2597 ducum
1305 2504 1523 2600 bawarie
1554 2507 1668 2602 illos
1700 2505 1888 2630 poterit
1918 2509 1972 2599 in
2009 2502 2128 2599 veni·

516 2640 548 2743 j
620 2636 675 2723 're
715 2624 854 2720 Sicut
884 2636 935 2715 et
1013 2614 1300 2762 athalogum
1332 2623 1812 2751 archiepiscoporum
1833 2622 2130 2720 Laureacen

568 2792 573 2801 ·
622 2744 739 2839 llum
770 2756 822 2837 et
853 2737 1033 2834 ducum
1061 2739 1252 2835 nunna
1285 2738 1513 2857 Qualiter
1543 2758 1709 2837 autem
1739 2744 1791 2835 in
1848 2744 2128 2864 rincipatum

623 2862 919 2959 surrexerint
948 2859 1006 2952 hc
1038 2855 1239 2956 videtur
1296 2857 1428 2953 Nam
1456 2860 1670 2954 Karolus
1691 2857 1770 2953 Ta
1805 2872 1946 2955 rone
1968 2860 2019 2953 in
2040 2882 2135 2985 φοι,

622 2976 879 3074 hasterium
901 2977 1180 3070 transeunte
1194 2977 1433 3071 terminos
1452 2976 1669 3074 bawarie
1692 2974 1922 3072 dilatauit
1939 2976 2001 3071 ab
2012 2976 2127 3086 Ant·
2236 3019 2239 3029 ·

305 3213 307 3218 Α
499 3115 505 3132 ·
622 3096 671 3189 se
701 3095 849 3234 vique
881 3091 947 3188 ad
976 3091 1153 3187 Raben
1182 3095 1384 3189 fluuium
1416 3109 1468 3189 et
1507 3093 1735 3190 Geroldo
1777 3089 2125 3193 commendauit

247 3269 255 3306 ι
370 3287 375 3294 .
440 3261 472 3300 -κ
627 3212 797 3308 comitr
846 3239 946 3336 quo
997 3225 1194 3306 mortuo
1248 3213 1328 3333 alij
1380 3209 1487 3350 post
1538 3213 1664 3307 alios
1704 3210 1894 3308 ibidem
1933 3205 2143 3338 prelidcs.

625 3327 989 3456 aprincipibus
1031 3327 1248 3424 bawarie
1290 3326 1581 3430 ordinantur
1622 3330 1770 3456 vique
1809 3329 1878 3424 ad
1920 3346 2123 3451 tempora

629 3447 1186 3572 Ottonistlmperatoris
1245 3448 1323 3554 Ex
1355 3463 1475 3542 tunc
1513 3448 1646 3542 enim
1681 3463 1925 3586 ceperunt
1965 3435 2158 3568 vagat

628 3565 844 3690 opprimi
882 3563 950 3658 Et
979 3563 1101 3658 Ideo
1132 3561 1327 3660 facilius
1351 3577 1556 3688 poterat
1586 3564 1729 3659 eleua
1813 3564 1991 3660 eadem
2026 3580 2122 3685 pm

627 3682 880 3812 pannonie
911 3679 1009 3776 lew
1030 3680 1255 3776 'bawarie
1284 3680 1351 3777 ad
1373 3743 1377 3750 -
1381 3684 1689 3894 principatus
1760 3685 2011 3808 'gnitatem
2038 3665 2121 3768 sed
2193 3787 2196 3797 Ι

627 3800 954 4012 illabili?
957 3797 1828 4011 dltttttttutattttdttt
1830 3794 2121 4014 01{libili
2257 3826 2258 3859 ‘

597 4099 601 4120 ι
629 4048 712 4128 tur
724 3951 860 4159 quod
884 3949 1303 4174 idemlubiugaull
1314 4034 1601 4135 Hainricum
1625 3951 1913 4162 Ostrogocpie
1928 4021 2117 4151 Marcbi-

632 4181 781 4277 onem
810 4149 925 4278 poll-
947 4181 1094 4290 quem
1124 4153 1203 4273 ahj
1236 4167 1289 4247 et
1318 4152 1396 4275 alij
1438 4151 1622 4246 scilicet
1658 4153 1765 4278 post
1802 4165 2028 4278 parentes
2057 4137 2085 4233 f
2101 4179 2118 4270 ς

632 4271 700 4362 cti
730 4269 838 4364 lunt
867 4268 990 4364 inib1
1020 4267 1342 4364 Marcbiones
1372 4270 1521 4395 vique
1552 4266 1617 4363 ad
1645 4285 1875 4395 tempora
1912 4271 1952 4364 F
1953 4262 2117 4394 ridencl

618 4381 957 4512 ,Imperatoria
979 4385 1081 4507 Qui
1103 4385 1167 4482 de
1188 4386 1529 4481 marchionatu
1549 4385 1669 4482 fecit
1694 4386 1924 4483 ducatum
1946 4375 2116 4511 Vtalus
2251 4468 2253 4493 ,

633 4499 699 4596 est
723 4501 959 4598 ostensum
1020 4503 1128 4600 Hec
1159 4501 1525 4600 incidentaliter
1553 4535 1648 4602 nec
1677 4506 1915 4617 inutiliter
1942 4503 2039 4596 sunt
2058 4515 2115 4620 m·
2251 4556 2252 4565 κ

422 4631 431 4656 ’
632 4619 759 4744 serta
800 4637 1018 4718 ceterum
1058 4623 1123 4720 ad
1163 4624 1470 4720 narracionis
1506 4622 1664 4720 nostre
1708 4622 1933 4722 ordinem
1972 4607 2117 4714 redes*
2247 4644 2258 4739 t

476 4820 501 4862 ,Ι
563 4773 565 4778 ·
634 4752 867 4865 museto.
1438 4769 1441 4772 ’
2007 4834 2069 4941 IN
2248 4838 2252 4957 1
