4717 6050
661 593 738 674 ms
961 528 1921 683 ‚vusscuarrovunr'
2084 547 2091 566 '

480 837 495 855 ·
607 774 708 916 iem
737 791 930 918 patrem
982 777 1067 902 qui
1097 774 1208 869 suos
1239 774 1320 869 sua
1349 772 1788 921 praedicatione-in
1819 775 2155 921 Qrisio'gea·

607 894 1000 1010 nu1t,·ex1stere‚
1062 891 1128 987 ob
1160 890 1294 1132 2uod
1327 906 1380 986 ct
1408 893 1561 1031 ipsum
1579 894 1968 1019 praedicatorem
1996 897 2133 993 misit

524 1086 533 1103 ,
606 1012 658 1149 in
687 1014 919 1150 regiones
951 1012 1130 1105 H-uniae
1185 1038 1296 1134 quae
1327 1011 1511 1105 Auana
1541 1010 1841 1149 appellatur)
1876 1012 2133 1113 castoras

435 1224 441 1237 ,
608 1160 703 1225 ulae
740 1129 1104 1254 prouinciarum
1133 1155 1334 1253 quoque
1365 1126 1640 1223 Pannomae
1672 1127 1765 1221 sue
1791 1128 1936 1227 Meiis
1964 1132 2130 1254 ipsium

608 1246 824 1374 legatum
877 1244 1174 1339 authoritate
1216 1274 1245 1337 a
1283 1243 1782 1351 otolica,con1tituit.
1807 1277 1915 1357 cum
1947 1248 2131 1343 autho·

608 1364 754 1459 ritate
786 1358 1066 1458 insumendi
1095 1392 1199 1487 pon
1227 1364 1237 1383 '
1275 1392 1356 1457 ces
1386 1362 1471 1457 vbi
1501 1359 1684 1457 indicia
1716 1362 2017 1459 ecelesiarum
2050 1366 2131 1458 se·

479 1532 481 1537 ·
611 1478 701 1577 des
744 1478 1053 1605 pontificales
1096 1479 1219 1589 olim
1262 1479 1398 1573 fuisse
1451 1476 1864 1595 demonstrarent,
1906 1481 2130 1576 scribens

609 1629 787 1813 sissi
817 1594 1234 1812 usstass
1270 1594 2130 1838 tttttsattsttttsgtutitz

398 1832 403 1839 ’
452 1946 454 1949 ,
512 1858 516 1867 ’
596 1832 924 1953 Viennensis)
966 1845 1017 1924 ct
1056 1828 1323 1927 Methodio
1366 1830 1578 1925 ecclesias
1619 1830 1645 1923 s
1674 1830 1960 1927 eculinensrs
2012 1863 2128 1957 quae

561 2052 564 2055 ,
612 1861 2130 2084 tuncArgenturensrsnuncupata(nuncOfimuncensts)atque

614 2068 801 2170 Albino
850 2066 1045 2161 Sanctae
1086 2064 1386 2159 Nitraucnsrs
1431 2064 1679 2180 ecclcsiae,
1752 2070 1924 2191 ,atique
1969 2063 2124 2160 modo

613 2187 820 2285 Annoni
848 2180 1155 2282 Veniarcnsrs
1187 2182 1401 2320 ecclesiae
1436 2183 1677 2309 episcopis
1711 2096 1844 2277 dmul
1878 2197 1929 2279 et
1955 2182 2128 2311 Timuf

616 2304 682 2409 do
725 2334 819 2397 nec
851 2330 955 2395 non
990 2298 1237 2395 Mannaro
1269 2298 1476 2395 ducibus
1510 2314 1563 2394 et
1592 2299 1911 2425 optimatibus
1943 2303 2127 2395 exerci-

615 2420 846 2546 tibusque
877 2414 1041 2544 plebis
1070 2416 1249 2511 Huniae
1270 2446 1404 2543 -quae
1434 2428 1487 2512 et
1513 2418 1697 2519 numia
1728 2414 1932 2531 dicitur,
1961 2416 2040 2511 sed
2068 2430 2129 2513 et

618 2538 862 2651 Morania
932 2532 1161 2628 Vrolfum
1184 2533 1648 2641 -reuerendiiiimum
1702 2534 1877 2629 sanctae
1912 2533 2129 2631 Laurea·

621 2652 770 2751 censis
793 2651 1005 2753 ccclesiae
1038 2650 1321 2775 episcopum
1341 2651 1675 2747 sanctissrmum
1695 2650 1893 2747 fratrem
1913 2650 2129 2748 nostrum

492 2808 496 2825 ·
619 2773 681 2871 ab
712 2762 998 2867 hac'sancta
1026 2766 1256 2865 Romana
1284 2766 1398 2866 sede
1430 2782 1585 2863 matre
1615 2766 1816 2863 ecclesia
1837 2768 1985 2865 ,vobis
2015 2798 2129 2864 curn

618 2886 863 2987 rectorem
912 2881 1257 2979 transmisimus
1308 2899 1456 3011 atque
1496 2887 1549 2981 in
1626 2883 1809 2981 racfatis
1847 2884 2136 3011 regionibus

620 3007 799 3106 Huniaa
839 3033 949 3128 quaa
982 3016 1033 3095 et
1056 3002 1239 3097 Aueria
1262 3033 1325 3122 ap
1364 3002 1541 3099 ellatur
1590 3004 1652 3098 ed
1678 3016 1728 3096 ct
1750 3001 1989 3100 Morauiae
2010 3031 2128 3126 pro·

621 3123 989 3246 uinciarumque
1023 3111 1297 3226 Pannoniae
1325 3031 1427 3216 dua.
1443 3119 1597 3215 Mesre
1627 3153 1657 3216 a
1694 3118 1941 3226 ostolica'm
1968 3123 2126 3215 vicem

490 3251 498 3270 ‘
620 3237 828 3336 nostram
859 3251 912 3334 ct
941 3233 1167 3334 diocesim
1195 3252 1366 3364 atque
1401 3238 1476 3332 ius
1495 3237 1642 3335 eccle
1660 3237 1869 3343 rasticum
1901 3265 2129 3334 exercen-

620 3357 672 3456 di
715 3353 1063 3468 committimus
1118 3354 1256 3472 cuius
1297 3354 1568 3450 dilectione
1606 3354 1671 3449 ad
1710 3354 1973 3456 honorem·
1997 3356 2132 3450 suum

620 3469 936 3600 apostolicam
977 3471 1164 3584 vicem,
1198 3471 1625 3566 etauctoritatem
1656 3471 1850 3610 insuper
1880 3473 2130 3598 copulaui·
2312 3530 2313 3569 t

622 3621 730 3686 mus
773 3585 908 3713 quod
940 3615 1191 3712 nunquam
1212 3585 1307 3682 suis
1325 3587 1599 3713 permissum
1625 3586 1690 3682 est
1711 3589 1985 3715 prroribus‚
2014 3617 2132 3714 qua·

621 3723 768 3802 tenus
793 3717 862 3804 ,et
890 3734 982 3798 vos
1014 3699 1289 3801 confratres
1332 3721 1386 3799 et
1415 3705 1696 3846 coepiscopi
1728 3704 1964 3832 deinceps
1992 3735 2132 3802 reue·
2310 3722 2311 3729 ‘

621 3825 830 3920 rentiam
862 3820 908 3914 ei
940 3819 1232 3944 ampliorem
1263 3821 1498 3936 exhibere
1529 3821 1689 3919 sciatrs
1729 3837 1994 3965 atque-vos
2013 3824 2128 3920 laici

620 3944 873 4070 primates·
906 3952 958 4031 et
996 3937 1081 4032 vul
1117 3969 1171 4034 us
1213 3937 1540 4040 saluberrimis
1580 3957 1843 4064 praecepns
1884 3943 1977 4038 suis
2026 3969 2131 4036 non

621 4057 777 4156 veluti
796 4054 987 4150 homini
1023 4053 1047 4146 s
1136 4069 1386 4180 tamquam
1416 4053 1514 4152 deo
1544 4057 1795 4166 humiliter
1825 4059 1993 4155 obtem
2077 4085 2132 4154 e·

621 4179 686 4270 tis
727 4189 820 4267 etc.
923 4169 1046 4265 Cum
1076 4171 1161 4267 isto
1192 4171 1371 4268 Vrolfo
1413 4188 1465 4267 et
1492 4173 1836 4269 successoribus
1866 4175 1960 4271 suis
2090 4201 2127 4270 o

238 4394 248 4404 ,
319 4236 324 4250 ⁵
379 4219 393 4256 Ἰ
469 4381 471 4386 .
620 4285 1011 4504 Salczburfienss
1040 4318 1133 4505 ppo
1157 4289 1319 4413 -pallio
1351 4289 1636 4406 contendit,
1702 4293 1751 4386 ui
1782 4320 1871 4418 per
1895 4290 2045 4388 trufas
2076 4304 2130 4387 et

620 4407 765 4503 bufas
795 4429 850 4502 a
892 4433 1020 4502 eone
1093 4435 1188 4530 apa
1218 4421 1389 4503 cecato
1420 4399 1624 4531 pallium
1693 4409 2058 4506 atauiensrbuss
2107 4459 2128 4486 ·

542 4550 546 4562 ’
621 4527 799 4650 ripuit‚
829 4523 987 4650 sicque
1007 4521 1354 4625 Laurcaccnsis
1377 4521 1576 4620 ecclesia
1606 4555 1717 4663 quae
1739 4525 1967 4622 omnibus
1990 4527 2125 4650 prior

625 4657 756 4755 erat,
787 4644 919 4766 cepit
946 4640 1183 4766 paulatim
1212 4642 1265 4734 in
1295 4639 1577 4766 neglectum
1608 4671 1711 4759 rre,
1741 4646 1997 4772 postquam·
2022 4673 2129 4739 eam

622 4754 806 4856 Taffilo
850 4755 950 4852 dux
990 4757 1265 4853 honoribus
1314 4774 1366 4852 et
1399 4757 1577 4884 opibus
1619 4760 1882 4879 extimuit,
1921 4759 2126 4855 detonso

232 4977 238 4996 ,
318 4877 352 5021 ’ἱ
495 4897 499 4900 ’
624 4875 875 4974 Tassilone
905 4873 1070 5004 Reges
1104 4873 1404 4972 Francorum
1436 4875 1668 4972 ducatum
1696 4875 1909 4998 Boiariae
1939 4891 2128 4974 verten-
2265 4985 2271 4994 ι

1876 5081 1884 5096 .
1994 5005 2074 5092 ter
