4717 6050
591 412 1614 578 cuuourcoutuuuruaauusaq
1684 464 1771 542 or
1946 434 1950 441 ·

187 684 193 699 '
254 646 258 655 ¹
293 690 406 765 rum
429 664 662 793 reliquias
684 694 740 804 aq
763 658 1019 793 priuilegia
1037 656 1255 801 plurima
1278 660 1545 789 asportavit
1565 616 1739 784 predia
1763 673 1815 751 et

33 784 34 837 ³
121 775 140 809 ⁴
294 774 801 913 plurima'alienaurt.·'
837 783 963 875 Item
986 779 1050 874 Kr
1113 806 1199 902 erg
1214 777 1595 873 reconsecravit.
1654 774 1814 869 Huius
1907 802 1911 809 ’

293 918 522 1031 tempore
547 899 764 1029 synodus
786 896 1061 993 celebratur
1122 926 1235 989 ome
1255 896 1339 989 sub
1354 893 1648 989 innocencio
1669 922 1814 1017 papa.
1877 978 1880 985 .

216 1135 218 1145 Ι
413 1023 563 1115 Anno
588 1018 661 1113 M.
682 1048 748 1112 cc.
770 1018 861 1138 xvj.
892 1014 1086 1109 Vlricus
1113 1014 1275 1151 episco
1312 1044 1371 1110 us
1406 1008 1698 1137 patauiensrs
1732 1040 1815 1101 an·
1859 1008 1875 1039 '

294 1137 476 1231 nissex
498 1134 701 1231 etfortc
759 1135 850 1229 lus.
910 1129 1176 1231 Hicdedrt
1200 1046 1349 1249 nobis
1382 1126 1631 1223 ecclefiam
1662 1126 1816 1265 puch·
1957 1170 1967 1184 ’

294 1253 500 1349 kirchen
527 1269 578 1347 et
597 1166 775 1347 remillt
797 1249 1012 1347 llewram
1039 1251 1092 1343 in
1115 1261 1354 1342 mautarn.
1413 1246 1538 1339 Item
1564 1241 1703 1346 dcd1t
1727 1245 1817 1380 (di-

289 1372 376 1491 cit)
419 1374 469 1469 in
490 1370 751 1509 priuilegio
785 1366 932 1463 nobis
956 1363 1087 1461 dato.
1147 1365 1279 1461 Hinc
1313 1363 1378 1458 est
1416 1360 1551 1487 quod
1588 1358 1817 1455 denotro·
1963 1380 1966 1386 ·

295 1518 412 1581 nem
434 1518 490 1580 ac
516 1486 718 1581 seruicra
740 1518 836 1613 que
860 1514 889 1579 a
909 1480 1198 1577 monasterio
1223 1477 1604 1576 Kremsmunllcr
1621 1508 1718 1605 quc
1738 1508 1817 1571 ec·

298 1602 437 1695 clelia
464 1604 488 1695 s
519 1605 700 1697 irituali
725 1606 830 1698 iure
865 1602 1011 1695 nobis
1040 1601 1232 1693 attinet.
1292 1600 1405 1695 Hoc
1434 1612 1661 1723 tempore
1693 1592 1819 1691 sedit

294 1636 584 1816 Honorllus
615 1720 882 1843 (Honorius)
913 1748 1043 1843 papa
1065 1716 1171 1842 poll
1193 1714 1528 1824 alexandrum.
1573 1716 1715 1808 -Item
1738 1744 1836 1807 ce·-

290 1836 371 2050 pit
421 1836 548 1931 ordo
600 1837 966 1977 predicatorum
1007 1865 1155 1963 quem
1197 1833 1330 1931 idem
1370 1864 1504 1964 papa
1545 1830 1818 1928 confirmat.
1959 1929 1962 1939 ,

248 2020 252 2027 »
317 1968 418 2057 tem
448 1952 653 2065 fratrum
684 1983 941 2049 mmorum.
1184 1982 1189 1991 ·
1771 1996 1776 2007 ·

413 2070 485 2165 M.
510 2104 577 2167 cc
602 2072 716 2167 xxii.
748 2064 1048 2165 Gebhardus
1071 2014 1331 2194 episcopus
1355 2010 1479 2160 sedit
1504 2066 1705 2190 patauie
1730 2092 1817 2161 an·
1863 2066 1866 2069 ’
2007 2031 2009 2035 ,
2104 2046 2111 2055 ⁸

293 2189 384 2283 nis.
405 2220 450 2279 x.
476 2186 731 2285 mensibus.
754 2220 801 2282 x.
861 2187 972 2279 Hoc
1004 2199 1230 2309 tempore
1262 2184 1428 2277 floruit
1458 2180 1630 2278 sancta.
1655 2180 1815 2276 Eliza·

32 2362 35 2383 ·
293 2303 395 2515 lbet.
455 2304 579 2443 Item
603 2304 757 2397 frater
778 2300 1086 2435 Raimundus
1118 2298 1392 2426 composuit
1421 2296 1698 2396 decretales
1727 2298 1815 2395 sub
1859 2306 1880 2319 ”

32 2482 35 2505 .
348 2448 402 2515 re
439 2451 548 2515 ono
607 2451 713 2512 aa.

32 2578 35 2609 ι
130 2606 134 2615 -
405 2448 485 2633 M.
510 2450 762 2649 cclxlxiij.
801 2532 1063 2662 Rudgcrus
1092 2535 1217 2643 sedit
1243 2533 1550 2661 patauienbs.
1578 2536 1707 2656 xviij.
1730 2528 1818 2629 ani-

294 2680 404 2753 nos.
436 2656 498 2749 v‘.
535 2653 739 2747 menses.
799 2652 895 2745 Hic
929 2656 1251 2753 commutauit
1289 2653 1437 2747 nobis
1478 2651 1729 2748 ecclesram
1761 2656 1815 2747 in
1914 2669 1918 2680 “

294 2774 456 2902 Weys
497 2772 664 2864 'rohen
694 2770 752 2863 In
781 2768 1107 2864 Altnburckh.
1170 2771 1297 2865 Item
1320 2766 1442 2864 dicit
1472 2770 1843 2898 inpriuilegio.
1897 2857 1902 2867 .

293 2888 706 3015 recognoscentes
731 2884 866 3012 quod
892 2884 1053 2979 cidem
1073 2886 1274 2982 ecclesa
1294 2886 1483 2983 scilicet
1504 2886 1815 2982 Kremsmun·
1905 2924 1911 2937 ·

292 3000 479 3103 sterenll
506 3002 727 3134 eoquod
762 2999 825 3098 de
851 3027 1060 3130 corpore
1088 3002 1387 3142 patauiensss
1417 3003 1617 3099 ecclesie
1651 3020 1817 3100 creata

293 3125 434 3236 esset,
465 3121 622 3214 adello
645 3139 927 3215 teneremur
959 3123 1011 3212 in
1033 3117 1126 3213 suis
1146 3121 1509 3239 necellitatibus
1530 3119 1814 3216 fauorabili·
1912 3148 1916 3155 ’

293 3255 372 3334 ter
394 3253 444 3332 et
466 3237 740 3362 specialiter
766 3267 876 3330 cum
901 3234 1076 3329 effectu
1098 3249 1192 3333 etc.
1232 3237 1391 3357 Hujus
1414 3238 1722 3363 temporibus
1742 3239 1816 3366 sy·

293 3353 459 3454 nodus
482 3353 544 3448 ab
576 3353 741 3477 (apud)
763 3350 1037 3478 lugdunum
1058 3352 1336 3448 celebratur
1356 3383 1447 3481 per
1465 3356 1818 3450 innocencium

276 3505 491 3615 jpapam.
512 3472 590 3588 iiij.
652 3473 776 3565 Item
802 3482 979 3565 octaua
1003 3470 1275 3566 natiuitatis
1308 3471 1473 3569 sancte
1505 3473 1658 3566 marie
1688 3471 1813 3566 inlli-

105 3581 110 3588 ’
223 3691 228 3699 ,
294 3609 449 3690 turtur
474 3590 558 3686 sub
580 3586 833 3684 Friderico
857 3587 915 3682 α’.
935 3588 1005 3682 Im
1044 3602 1253 3686 eratore.

413 3710 486 3804 M.
508 3739 576 3802 cc.
594 3705 627 3800 l.
661 3704 968 3802 Chunradus‘
1015 3737 1079 3802 ux
1108 3705 1333 3832 pollonis
1356 3705 1546 3802 electus
1575 3703 1700 3802 sedit
1727 3735 1813 3833 pa·

292 3829 426 3926 tauie
452 3855 635 3919 ann-um
661 3855 809 3919 vnum
834 3820 1143 3948 postmodum
1165 3821 1309 3920 duxit
1329 3853 1549 3924 uxorem.

414 3941 488 4039 M.
512 3975 581 4038 cc.
605 3941 654 4038 li.
685 3937 978 4036 bertholdus
1007 3941 1131 4038 sedit
1160 3944 1359 4067 patauie
1395 3944 1538 4038 annis
1566 3939 1728 4037 tribus
1764 3953 1816 4036 et

113 4119 117 4130 ·
292 4063 374 4187 iiij.
399 4059 670 4156 monimus.-
697 4057 785 4153 Ille
816 4055 1191 4199 suit-depositus
1223 4091 1316 4186 per
1346 4058 1666 4274 apostolicum
1694 4060 1816 4197 quia
1979 4156 1982 4165 ,

295 4213 408 4276 cum
431 4173 961 4304 essctrcprehensrbrlrs
984 4192 1085 4272 vita
1111 4181 1217 4276 eius
1243 4177 1373 4274 ossen
1395 4210 1452 4274 us
1484 4193 1590 4273 erat
1624 4176 1815 4274 clericis

296 4313 470 4393 contra
491 4327 617 4424 quos
640 4298 709 4390 ita
734 4293 922 4421 deseuit
959 4309 1014 4390 vt
1044 4325 1195 4392 vnum
1230 4327 1403 4410 eorum
1435 4297 1625 4392 faceret
1657 4294 1815 4389 oculis

296 4414 591 4556 erutispasu
615 4427 665 4507 ct
694 4412 892 4637 aurigus
913 4412 1153 4540 mutilare.
1214 4412 1360 4511 Vnde
1395 4413 1636 4510 Canonici
1668 4424 1818 4553 caput

296 4531 513 4629 eiusdem
543 4529 755 4625 Romam
831 4525 1088 4626 eserentes·
1123 4531 1391 4630 cantabant
1431 4527 1816 4626 lamentabihter

292 4650 635 4774 Antiphonam
649 4647 825 4743 videns
847 4647 997 4744 Iacob
1022 4663 1114 4744 etc.
1173 4649 1241 4743 Et
1258 4648 1604 4789 subjungentes
1623 4649 1816 4744 versum

296 4766 425 4870 Vide
445 4765 656 4863 sstunica
675 4764 943 4892 apostolico
970 4762 1286 5013 ostessdlltusst
1301 4802 1394 4904 pro
1415 4764 1601 4870 iudicio
1626 4764 1813 4976 vigdgn·
