4717 6050
552 358 654 494 ‘tu
799 393 801 398 ’
950 403 1002 484 11.
1053 396 1576 487 omonimum,

647 613 846 712 Summa
876 608 1212 740 predictorum
1252 609 1305 705 in
1346 611 1511 708 tritico
1551 621 1610 702 et.
1630 601 1846 734 Siliginis
1887 603 1961 701 dc.
1995 618 2046 704 et

509 737 630 833 lxii.
658 729 806 842 virlin
840 734 864 826 '.
897 729 1063 826 minus.
1094 732 1125 824 i.
1158 728 1380 855 quartali.
1402 727 1505 846 Qui
1533 725 1734 820 faciunt.
1765 723 1880 822 lxvi.
1909 725 2044 822 Muta

507 870 606 978 'tas
623 758 883 964 Austraids
908 851 1216 975 computatis.
1245 879 1293 941 x.
1325 846 1470 942 virlin
1506 847 1545 981 [s
1575 873 1666 968 pro
1697 841 1879 956 Mutta.

649 974 845 1062 Summa
875 966 1216 1094 Leguminum.
1245 964 1380 1059 xviii.
1410 873 1554 1056 vidiu
1591 992 1688 1085 umg

648 1083 849 1180 Summa
902 1112 1072 1180 auene.
1125 1082 1243 1177 lxxi.
1289 1081 1502 1208 virlingi.
1547 991 1648 1204 &ui
1701 1074 1910 1175 faciunt.
1958 1076 2045 1178 vii.

416 1287 421 1299 .
530 1205 725 1302 Muttas
754 1199 1012 1296 Australes.
1045 1215 1096 1294 et
1125 1231 1277 1294 vnum
1307 1198 1582 1320 virliugum.
1882 1295 1888 1304 ,
2182 1209 2186 1214 “

651 1319 851 1441 Summe
879 1312 1164 1414 Porcorum.
1198 1315 1293 1412 CC.
1328 1331 1380 1410 et
1407 1320 1504 1411 xvi.
1534 1317 1628 1412 vel.
1671 1316 1818 1437 xxiiij.
1849 1315 2047 1410 Marcas

424 1473 456 1533 .·
533 1439 860 1536 denariorum.
892 1450 944 1531 et
974 1432 1228 1529 dimidiam
1253 1434 1489 1561 Marcam.
1522 1449 1585 1528 et.
1613 1433 1709 1527 xvi.
1742 1430 1989 1527 denarios.
2031 1469 2036 1484 ·

652 1554 852 1654 Summa
884 1551 1201 1648 denariorum
1232 1551 1295 1647 de
1340 1553 1467 1647 areis
1510 1566 1561 1645 et
1592 1551 1805 1646 minutio
1833 1581 1880 1646 x.
1910 1547 2044 1643 Mar-

348 1766 351 1778 ,
485 1763 486 1768 .
530 1707 608 1770 ee.
639 1687 690 1768 et
719 1671 797 1767 lx·
815 1668 1017 1765 denari-i.
1050 1701 1175 1796 quos
1207 1668 1342 1764 tollit
1372 1667 1623 1762 Officialis.
2038 1696 2043 1708 ·

653 1792 850 1900 Summa
880 1817 1135 1916 agnorum..
1154 1784 1224 1886 C..
1239 1788 1318 1882 xx
1348 1786 1447 1882 vel.
1474 1787 1540 1882 iii
1561 1785 1734 1882 Marce
1766 1800 1817 1881 et
1848 1780 2069 1882 dimidia·

534 1909 863 2006 denariorum.
1174 1967 1180 1978 ·
1450 1977 1455 1988 ι
1836 1980 1840 1989 ·
1891 1919 1895 1933 '
2035 2017 2049 2039 .

654 2028 779 2120 ltem
809 2025 1343 2122 SummaMarchfiter.
1373 2022 1494 2119 Duo
1518 2022 1673 2119 Milia.
1705 2037 1754 2117 et
1779 2019 2074 2148 Quingenti·
2111 2059 2115 2064 ·

526 2144 757 2356 mirliqfi,
789 2143 894 2262 Qui·
918 2140 1118 2239 faciunt.
1151 2144 1256 2265 CC.
1274 2143 1331 2238 L.
1363 2143 1553 2238 Muttas
1582 2139 1839 2235 Australes.

706 2291 763 2355 ec
792 2264 903 2366 suut
930 2259 1035 2358 iura
1065 2261 1313 2362 Montana
1341 2261 1595 2357 vinearum
1637 2257 1877 2366 soluentia
1907 2249 1961 2352 C.
2002 2266 2055 2349 et

537 2379 671 2476 xxiii.
700 2409 847 2472 vrnas
880 2393 931 2472 et
960 2375 1230 2476 dimidiam.
1523 2489 1528 2498 ,

717 2495 801 2590 Hii
823 2495 931 2590 lunt
950 2495 1172 2591 redditus
1188 2494 1479 2622 prediorum
1502 2496 1555 2588 in
1578 2493 1873 2622 Hartperch.
2018 2612 2024 2623 Ι

658 2615 716 2707 ln
740 2611 859 2706 villa
926 2641 987 2704 ue
1018 2610 1198 2706 dicitur
1228 2611 1547 2709 Schellebarn
1568 2613 1690 2706 sunt.
1705 2614 1851 2707 xviii.
1876 2609 2052 2736 predia

544 2759 765 2855 quorum.
795 2761 874 2822 xv.
945 2741 1000 2820 nt
1020 2728 1264 2852 equaliter
1286 2726 1540 2822 soluentia.
1562 2727 1682 2823 Tria
1704 2760 1824 2825 vero
1843 2729 2054 2826 soluunt

541 2845 861 2943 medietatem
903 2843 1254 2980 predictorum.
1310 2846 1380 2938 ita
1412 2842 1545 2970 quod
1589 2845 1849 2971 quodlibet
1893 2847 2052 2943 soluit.

538 2967 624 3085 iiij.
650 2963 898 3061 Metretas.
917 2961 1076 3060 tritici.
1111 2977 1172 3058 et.
1197 2962 1259 3084 iij.
1284 2960 1535 3058 Metretas.
1563 2994 1733 3060 auene.
1764 2964 1979 3061 Porcum
2002 2978 2055 3062 et
2118 3074 2126 3083 ,

542 3116 658 3179 xxx.
692 3078 936 3177 denarios.
1008 3080 1135 3175 Item·
1154 3078 1339 3175 ibidem
1373 3080 1495 3175 sunt*
1532 3084 1600 3177 xi.
1641 3114 1769 3177 aree.
1804 3082 2054 3178 soluentes

543 3200 725 3297 villico.
756 3199 856 3307 xlv.
877 3198 1123 3293 denarios.
1153 3196 1287 3293 Tota
1304 3198 1433 3293 villa.
1455 3200 1503 3293 ii.
1528 3214 1579 3294 et
1592 3199 1847 3295 dimidiam·
1866 3200 2054 3295 Mette-

545 3332 648 3413 tam
694 3318 1162 3442 apauerisltemtria
1173 3314 1369 3412 wildde.
1386 3314 1637 3411 Gallinam
1650 3319 1701 3411 in
1713 3317 1886 3413 Carnis
1914 3319 2056 3413 riuio.

658 3350 788 3529 item
829 3435 881 3527 in
915 3434 1034 3529 villa
1073 3432 1506 3532 Wecb'lcbendorf
1529 3435 1650 3531 suut.
1692 3470 1737 3530 v.
1774 3467 1863 3562 pre
1899 3436 1960 3531 ia.
2003 3450 2057 3532 et
2128 3482 2135 3489 ·

582 3552 807 3649 uodlibet
842 3551 1001 3648 soluit.
1034 3552 1096 3649 vi.
1131 3552 1374 3647 Metretas
1405 3580 1577 3647 auene.
1616 3568 1679 3648 et.
1715 3553 1780 3648 lx.
1807 3553 2053 3651 denarios.

547 3666 2056 3915 uitlllltlilstittillittllltditbllltt

548 3903 759 4001 ibidem:
785 3938 830 4001 v.
853 3902 1122 4001 infeodata.
1472 3987 1475 3993 ,
1517 3984 1522 3993 .

665 4023 805 4117 Item.
822 4027 879 4117 iu
910 4022 1152 4147 superiori*
1194 4020 1302 4117 Ror
1337 4023 1457 4120 lunt.
1499 4058 1577 4144 xv.
1623 4022 1808 4150 predio.
1843 4024 1906 4121 de
1950 4025 2066 4165 qui·

547 4140 650 4235 bus.
701 4141 910 4235 soluuut.
953 4142 1034 4243 .xi-.
1090 4140 1362 4265 quodlibet.
1424 4144 1489 4239 xl.
1548 4143 1793 4240 denarios.
1848 4146 1926 4238 Et.
1977 4144 2042 4237 1ii‘

488 4358 500 4363 η
542 4252 720 4391 predia
756 4258 1032 4383 quodlibet..
1058 4290 1169 4353 xxx.
1207 4256 1453 4354 denarios.
1514 4260 1637 4354 Item
1675 4262 1777 4355 due·
1810 4293 1923 4356 aree
1972 4174 2064 4354 sb

552 4388 737 4467 ueutes.
767 4376 916 4470 xxiiii
947 4375 1190 4471 denarios.
1221 4374 1361 4472 Casei
1394 4393 1445 4472 et
1476 4377 1614 4515 pulli
1645 4392 1696 4473 et
1729 4383 1845 4477 Oua
1867 4377 2057 4472 dantum

538 4526 540 4531 ·
609 4562 622 4620 3
665 4490 789 4585 item
821 4494 881 4585 iu
906 4493 1029 4587 villa¹
1060 4491 1237 4587 Harde·
1263 4494 1385 4590 suut.
1425 4498 1538 4590 xiii.
1570 4494 1755 4623 predia.
1781 4512 1833 4591 et
1854 4495 2060 4589 meliore

547 4606 745 4703 loluuut
791 4608 873 4705 ad..
918 4609 982 4706 lx.
1019 4607 1262 4706 denarios.
1304 4613 1442 4707 Item.
1488 4615 1588 4709 viii.
1635 4646 1762 4713 aree.
1796 4614 2059 4713 soluentes:

531 4724 989 4877 *buffidenartoe
1022 4726 1164 4833 Casei.
1184 4727 1331 4830 Pulli
1359 4744 1411 4831 et
1436 4732 1550 4831 Oua
1571 4731 1771 4863 dantur.
1864 4847 2007 4949 sum.
