4717 6050
780 473 1311 584 etiamne·
1432 481 1450 550 ·.
1624 488 1743 587 '3⁶1
1898 507 1904 518 ·

124 791 131 796 .
196 694 199 702 ’
290 707 361 808 eli
382 723 434 808 et
451 708 636 840 Vngari
655 737 723 808 ex
744 738 807 808 eo
826 705 975 836 fugam
995 699 1255 804 dedemnt.
1345 698 1469 808 Item
1484 689 1796 836 fortalicium

290 831 346 926 in
380 829 693 958 Hoilenbnrg
722 827 874 925 hodie
904 829 1101 926 rostrum
1133 826 1199 920 est
1228 819 1477 958 perviam
1512 813 1797 954 concordie.

292 947 417 1043 Item
449 945 590 1043 Stain
623 962 675 1042 et
708 946 908 1044 castrum
929 951 1028 1042 eius
1063 945 1248 1042 scilicet
1272 970 1387 1053 arx,
1417 953 1537 1030 nem
1557 931 1693 1027 ahud
1717 961 1796 1026 ca·
1835 953 1843 960 ·
1950 999 1953 1002 .

285 1063 430 1159 strum
452 1094 610 1192 prope
632 1065 869 1182 Krembs‚
899 1067 1003 1162 item
1026 1065 1260 1159 Mantarn
1282 1059 1453 1187 paucis
1476 1052 1653 1147 diebus
1675 1063 1794 1145 ante

286 1179 573 1280 Natiuitatis
609 1183 770 1280 Marie
803 1213 893 1310 per
928 1183 1095 1280 nilites
1129 1182 1291 1274 dictos
1326 1163 1681 1271 Lanc'zknecht
1714 1170 1795 1290 (In
2012 1287 2017 1301 ,

283 1310 513 1424 margine:
555 1301 740 1396 Verum
762 1299 958 1402 castrum
971 1317 1022 1397 et
1045 1331 1133 1395 arx
1150 1302 1209 1424 in
1229 1286 1398 1422 Prukg
1418 1293 1559 1432 supra
1578 1287 1793 1415 Leytam
1926 1342 1930 1350 ·

285 1431 338 1512 et
366 1419 566 1514 castrum
591 1418 925 1514 Geczendarff
937 1451 1036 1517 vno
1067 1421 1118 1514 vi
1148 1413 1353 1511 stucrme
1385 1422 1671 1550 capmntur,
1700 1431 1793 1531 per

284 1533 638 1632 Lanczkn'echt
657 1552 709 1632 et
722 1537 1065 1660 Boemosetc.)
1088 1535 1378 1646 et'Boemos
1399 1530 1593 1654 ahquos
1613 1551 1664 1618 m
1680 1551 1795 1648 pro·

236 1709 250 1728 ·
279 1651 403 1750 festo
426 1654 699 1771 Ludouici‚
741 1657 858 1750 item
884 1658 1045 1752 ciu'tas
1068 1651 1132 1748 ad
1156 1651 1392 1748 Sanctum
1418 1645 1698 1785 Hipplitum
1720 1639 1791 1781 ie·

280 1776 454 1898 quenti
483 1773 589 1902 post
621 1771 744 1882 Lam
783 1775 872 1868 eati
905 1775 961 1870 ao'
993 1803 1167 1868 manus
1200 1765 1533 1907 Manimiliam
1562 1757 1792 1899 Thobnm

74 1931 75 1940 ¹
215 1942 218 1947 ·
279 1893 485 2018 recepit.
528 1891 628 1987 Sed
653 1805 779 2019 quiri
797 1892 974 1987 multa?
1010 1895 1079 1985 ita
1098 1886 1439 1986 miserabrhter
1463 1881 1578 1976 ficut
1598 1907 1717 1972 rane
1736 1906 1793 1972 m

73 1995 78 2018 ’
277 2037 440 2133 pauco
465 2023 693 2136 tempore
724 2010 903 2132 Vngari
934 2013 1040 2104 sunt
1070 2038 1133 2101 ex
1152 2003 1354 2124 iAuiiria
1386 2000 1545 2139 eiecti.
1605 1996 1791 2091 Ferrea

277 2126 453 2222 ciuitas
470 2131 573 2222 iam
596 2125 834 2223 obfidetur
857 2158 949 2254 per
969 2127 1240 2224 exercitum
1261 2117 1603 2255 Maximssiani,
1664 2114 1792 2253 Item
1857 2209 1863 2214 .

70 2321 75 2352 f
313 2260 452 2339 uarta
482 2244 608 2342 feria
634 2261 750 2341 ante
774 2244 1026 2340 Elizabeth
1055 2240 1426 2339 Maximilianus
1457 2231 1624 2361 giadro
1655 2242 1791 2357 ceprt

69 2357 75 2484 ζ
208 2393 210 2398 ’
324 2359 457 2457 ibam
478 2364 697 2490 regalem
717 2364 922 2494 plurimo
941 2364 1172 2491 sanguine
1188 2356 1350 2454 effuse.
1410 2356 1536 2452 Item
1547 2345 1790 2490 vsquead

69 2487 75 2500 '
273 2476 565 2576 sedecimam
585 2480 1026 2588 diem-Decembris
1048 2533 1108 2552 -
1130 2479 1248 2574 atini
1268 2476 1575 2571 Doctoratus
1597 2499 1697 2566 mei
1715 2521 1739 2546 ·
1767 2518 1790 2548 ·

274 2600 514 2723 completi
544 2600 654 2694 sunt
682 2599 1063 2720 quatuordecim.
1094 2649 1114 2676 ·
1143 2648 1165 2674 ·
1208 2595 1315 2716 Hije
1339 2589 1515 2699 diebus
1541 2588 1672 2682 fama
1694 2584 1793 2686 fuit

265 2709 500 2838 'Vngaros
525 2710 572 2806 se
599 2730 893 2838 congregare
924 2733 1098 2804 contra
1123 2710 1544 2820 Maximilianum,
1574 2733 1787 2837 quaprof
1855 2762 1859 2770 ·

307 2841 384 2921 ter
413 2828 523 2924 heri
552 2831 605 2924 in
636 2843 808 2925 octaua
836 2825 1203 2953 Concepcionis
1235 2825 1398 2920 Marie
1427 2824 1597 2919 habita
1626 2837 1679 2918 et
1707 2851 1788 2917 ee·

268 2857 464 3039 febrata
488 2947 552 3041 est
581 2943 818 3073 proceffio
852 2945 916 3038 ad
944 2942 1287 3072 monasterium
1315 2941 1489 3040 Sancti
1516 2941 1787 3037 lheronimi
1906 2947 1911 2964 “
1939 2983 1942 2988 ·

270 3089 365 3189 pro
396 3062 632 3179 victoria,
664 3092 761 3273 ‹iue
788 3091 891 3156 non
920 3060 1101 3171 nisiex
1129 3060 1263 3157 Deo.
1354 3062 1478 3157 Item
1511 3062 1685 3201 quinta
1712 3056 1823 3155 fe··

268 3180 342 3271 ria
384 3190 500 3273 ante
541 3177 673 3273 Nata
694 3208 773 3273 em
816 3175 983 3271 Christi
1026 3179 1224 3271 reuenit
1263 3175 1376 3269 Rex
1415 3177 1788 3275 Max1milianus

64 3310 66 3325 '
175 3368 178 3373 -
264 3296 321 3389 in
356 3324 540 3389 nonam
573 3297 823 3391 ciuitatem
853 3293 1017 3388 locum
1045 3294 1181 3386 suum
1212 3294 1459 3409 nanuum,
1500 3292 1788 3420 ibidemque

271 3438 334 3508 ex
374 3442 491 3537 rege
535 3412 717 3538 Anglie
796 3442 849 3506 er
874 3408 1094 3506 medium
1125 3410 1394 3507 Oratorum
1418 3411 1600 3551 ‚anglie
1630 3411 1786 3541 Regia

267 3528 322 3623 in
352 3527 433 3624 die
463 3532 619 3626 natali
649 3528 767 3627 chn
802 3532 820 3624 i
847 3530 1041 3656 accepit
1058 3528 1257 3626 'vestem
1283 3530 1538 3625 Societatm
1568 3542 1621 3623 et
1652 3528 1787 3625 litte·

267 3672 359 3769 ras,
389 3646 616 3788 sigillatas
653 3680 719 3775 pe
808 3662 892 3743 tue
922 3648 1075 3775 pacis.
1118 3646 1252 3743 Laus
1282 3646 1389 3742 Iesu
1418 3644 1620 3744 Christo.
1679 3646 1784 3745 Die

269 3764 470 3861 Ioannis
500 3768 639 3862 venit
664 3765 727 3860 ad
792 3768 991 3861 iennam
1016 3766 1121 3862 sero
1153 3780 1270 3860 ante
1297 3765 1562 3893 septimam.
1625 3765 1785 3979 qnar-

133 3998 136 4005 Ι
268 3888 320 3977 ta
341 3882 466 3979 feria
496 3900 611 3981 ante
638 3882 849 3981 Silueihi
882 3882 1010 4009 Regi
1039 3881 1386 3980 Maximiliano
1421 3885 1630 3979 veniunt
1671 3886 1784 3980 itte·

85 4084 89 4093 .
257 4028 322 4140 re
354 3998 417 4098 de
446 4002 656 4096 Alberto
681 4002 821 4139 Dirce
838 3998 1062 4141 Saxonie
1093 3997 1347 4142 ebitiente
1380 4004 1631 4145 ciuitatem
1652 4000 1786 4144 ,Bru·
1935 4078 1946 4091 ,

253 4115 1787 4376 -antiit-ritas}innitenti,-tinnienti·

268 4355 455 4449 milium
496 4356 808 4451 florenorum.
898 4356 1024 4451 item
1056 4353 1202 4451 dictis
1232 4353 1410 4452 diebus
1447 4370 1686 4452 tractatur
1715 4355 1783 4455 de

266 4502 390 4599 pace
432 4473 563 4568 inter
604 4470 903 4576 Bladissaum
931 4471 1124 4601 Regem
1153 4472 1362 4569 Boemie
1405 4488 1458 4570 et
1485 4473 1783 4571 Maximilia·

264 4618 383 4683 num
409 4588 472 4683 de
504 4605 555 4685 et
583 4590 634 4685 su
671 4618 723 4685 er
742 4620 899 4719 regno
929 4591 1146 4719 Vngarie
1175 4588 1468 4719 poffidendo
1499 4606 1551 4691 et
1571 4621 1781 4721 regnan·

264 4701 332 4799 do
375 4720 428 4799 et
462 4734 615 4833 regen
653 4736 698 4802 ο.
838 4850 840 4855 Ι
1722 4735 1727 4741 ·
1804 4755 1806 4762 ·

158 4955 160 4964 <
331 4941 517 5097 razn.
1027 4938 1206 5043 naba
1459 4872 1464 4881 ¹
1632 4946 1781 5069 ar„
