4717 6050
477 468 483 475 '
596 496 673 592 29⁶
834 552 840 578 ,
993 488 1047 565 11.
1100 484 1607 571 nemouemvm
1711 490 1724 509 ·

662 695 786 790 Item
800 689 870 785 de
893 686 1120 792 inferiori
1138 688 1234 785 Αιι
1258 720 1302 783 v.
1323 698 1383 784 et
1394 682 1661 791 ,dimidium
1683 686 1917 813 Icaffium.
2098 668 2104 674 ¹
2317 694 2323 705 '

660 810 786 905 Item
809 805 873 904 de
895 804 1122 903 Rauden.
1147 805 1262 902 iiim·
1291 802 1464 901 scama„

662 928 790 1024 Item
830 923 895 1022 de
931 923 1342 1023 LiechtenwiIen.
1379 922 1478 1019 viit
1500 914 1673 1023 maffia
1718 935 1772 1024 et
1801 922 1902 1024 due
1931 921 2065 1029 hubo
2144 1036 2153 1049 ,

100 1026 105 1035 ’
290 1112 294 1123 .
494 1138 498 1145 ,
540 1057 733 1145 vacant
1093 1130 1099 1141 .

658 1162 785 1259 Item
809 1156 928 1256 deS
964 1157 1169 1254 'benam-
1189 1161 1252 1253 Ix.
1274 1086 1447 1254 seaffia„

396 1308 405 1315 ·
567 1298 572 1307 ·
662 1282 789 1375 Item
815 1276 879 1374 de
949 1276 1080 1375 vhel.
1101 1276 1181 1370 vii.
1205 1273 1381 1373 maffia.

660 1400 789 1493 Item
812 1392 875 1491 de
903 1393 1136 1493 Getamti.
1163 1394 1226 1491 Ix.
1248 1392 1421 1493 maffia

616 1552 624 1567 ⁸
659 1514 786 1611 Item
803 1510 870 1608 de
891 1508 1255 1608 Gerwichstorf.
1284 1509 1561 1608 IIcaffium

455 1680 462 1689 ·
661 1632 788 1728 Item
809 1626 873 1726 de
895 1630 1063 1727 sancto
1091 1625 1296 1725 Georio.
1326 1661 1372 1725 v.
1392 1627 1566 1725 Icaffia.
2156 1682 2160 1688 >

663 1749 791 1845 Item
813 1746 877 1843 de
900 1742 1341 1873 Grezzneynsdort.
1362 1748 1457 1846 xvi.
1477 1746 1650 1844 Icaffia.
1688 1758 1752 1843 et.
1775 1747 1824 1842 ii.
1852 1759 1903 1843 et
1926 1742 2066 1849 dimie

546 1867 628 1968 dia
649 1864 786 1962 huba
805 1879 962 1961 vacat.
1732 1878 1735 1882 ’

661 1984 787 2078 Item
806 1979 872 2077 de
897 1978 1115 2078 Meiach.
1145 1980 1246 2076 xiii
1268 1979 1482 2077 scaffia.‘
1765 2064 1771 2073 .

481 2162 484 2169 .
661 2099 788 2196 Item
810 2096 874 2195 de
894 2098 1041 2197 bonif
1052 2095 1287 2226 Reglarii.
1306 2098 1582 2218 iiittscaffia„
1607 2095 1734 2197 etde
1747 2095 1895 2197 bonit
1910 2092 2060 2192 Volc-

543 2220 681 2319 mari.
707 2248 792 2314 um
818 2214 987 2313 Icaffia.
1575 2318 1581 2332 ,

618 2377 624 2389 ·
662 2336 789 2435 Item
809 2334 873 2433 de
894 2335 945 2431 Iu
984 2334 1133 2433 ctiori
1149 2334 1244 2430 Au.
1274 2335 1338 2431 ix.
1359 2332 1533 2433 Icaffia.

374 2506 378 2513 ·
553 2548 555 2559 ,
663 2454 791 2553 Item
810 2451 876 2559 de
984 2449 1279 2547 schemstorf.
1310 2453 1392 2547 vii.
1416 2452 1586 2549 scaffia.

662 2570 790 2667 Item
813 2568 877 2665 de
898 2567 1123 2664 Tubach.
1153 2570 1271 2665 xiiii.
1294 2567 1467 2665 Icaffia.

634 2776 641 2793 ,
663 2686 791 2784 Item
811 2682 875 2781 de
897 2682 1154 2813 Meyniclt
1184 2684 1337 2781 xviiit
1360 2684 1532 2791 Icaffia„

663 2805 792 2898 Item
813 2799 876 2899 de
899 2800 1107 2898 Leubne
1145 2798 1309 2903 ntorf.
1337 2834 1387 2897 x.
1411 2801 1585 2899 maffia
1616 2828 1621 2837 ·

664 2920 791 3021 Item
809 2918 874 3017 de
896 2917 944 3016 R
983 2918 1045 3015 eh
1187 2916 1245 3013 rf.
1276 2918 1341 3014 vI
1363 2918 1536 3018 Icaffia.

463 3108 470 3118 -
664 3039 792 3251 {tem
813 3035 898 3136 de,
964 3035 1307 3167 edweynttort
1338 3043 1440 3140 viit
1461 3038 1631 3140 Ieaffia„
1666 3053 1716 3138 et
1738 3035 1872 3138 aliud
1902 3047 2065 3134 totum
2150 3149 2156 3156 ¹

547 3187 668 3256 vaca

665 3273 791 3368 Item
821 3269 885 3371 de
914 3267 1232 3368 Scheinstorf.
1262 3271 1310 3368 ii.
1329 3268 1500 3370 scaffia.
1550 3280 1582 3324 ⁶

644 3390 791 3504 „Item
820 3388 883 3486 de
907 3386 1251 3516 Egneynstorf.
1275 3421 1321 3485 v.
1341 3390 1512 3488 Icaffia„
1551 3393 1619 3488 Et
1640 3391 1776 3510 eliud
1793 3405 1955 3488 totum
1975 3385 2066 3482 ibit

549 3505 664 3604 dem
685 3508 860 3634 recipit
882 3505 1126 3604 dominus.
1145 3505 1208 3601 IL
1233 3503 1296 3602 de
1315 3505 1589 3606 Wildonia,
1611 3523 1664 3606 et
1672 3509 1902 3620 dommus
1914 3505 2065 3641 Myn-

277 3588 285 3634 ³
426 3727 430 3736 ,
469 3635 472 3640 “
547 3621 734 3723 hardus
750 3621 814 3720 de
833 3619 1217 3754 'Zyntzleystorfi

665 3743 791 3837 Item
815 3742 877 3836 de
901 3741 1066 3836 saneta
1091 3737 1264 3840 eruce.
1286 3742 1349 3838 iii.
1370 3738 1558 3842 scaffm‘

626 3965 627 3968 Ν
666 3859 791 3956 Item
813 3856 877 3953 de
897 3855 1143 3953 Hunstorf.
1174 3860 1256 3954 vii
1277 3857 1451 3956 Icaffia.

671 3977 797 4070 Item
819 3972 887 4087 de
902 3973 953 4070 N
954 3972 1285 4070 akvttendort
1308 3977 1392 4072 xii
1411 3977 1590 4081 Icaffiai
1601 4000 1604 4004 ’
1708 4065 1711 4071 ,

670 4093 798 4187 Item
814 4087 878 4188 de
900 4089 1203 4196 Pebendorfl
1233 4093 1264 4187 t
1286 4092 1534 4189 rcaffiumf
1782 4183 1788 4190 .

625 4231 629 4242 ·
668 4208 795 4304 Item
817 4206 881 4305 de
907 4206 1009 4305 Glo
1049 4207 1154 4304 ach
1184 4225 1315 4306 met
1336 4210 1593 4307 dimidium
1610 4205 1844 4314 Ieaffiutm

666 4326 794 4422 Item
811 4324 875 4421 de
900 4326 980 4432 Lv
1067 4325 1295 4468 eynstorf.
1324 4359 1373 4423 x.
1394 4330 1571 4437 Icaffia„
1805 4398 1811 4412 ·

665 4443 794 4540 Item
814 4440 877 4540 de
901 4443 1064 4541 fouea.
1088 4475 1137 4541 11.
1163 4456 1216 4540 et
1237 4443 1495 4543 dimidium
1518 4446 1742 4556 scaffium.
1888 4535 1894 4546 .

668 4559 796 4657 Item
818 4559 884 4657 de
906 4561 1201 4687 Vrampach.
1233 4564 1297 4658 vi.
1314 4563 1496 4662 Icaffia.

671 4677 797 4773 Item
822 4676 885 4773 de
908 4679 1270 4810 Praytenpach.
1301 4681 1364 4774 xi.
1385 4681 1555 4778 scaffia.

513 4847 517 4852 ·
671 4794 798 4892 Item
822 4793 885 4894 de
907 4795 1284 4931 Tegneynstorf.
1313 4831 1359 4898 v.
1377 4797 1550 4898 Icaffia,
1885 4921 1908 5020 I
2176 4913 2180 4918 ⁴

735 4972 738 4979 ·
1134 4938 1146 4962 ·’
1256 5013 1262 5021 ,
1492 4940 1497 4950 ’
1908 4935 2010 5018 tem
