4717 6050
657 476 772 581 aa
977 458 1769 619 onsnnrnrrouus

600 718 667 793 seu
694 714 844 802 electos
864 704 939 787 deli
970 720 1056 787 net:
1084 706 1232 798 deinde
1251 728 1349 799 vero
1369 702 1566 777 maiorem
1588 692 1909 799 etiam'operam
1935 690 1978 767 in
2004 710 2124 768 coma

597 802 871 899 memorandis
880 731 1110 889 Abhatibus
1121 812 1174 886 ad
1183 810 1360 885 sanctam
1370 804 1541 881 Crucem
1560 860 1572 897 ,
1591 800 1789 899 rebusque
1801 796 1964 872 adillud
1976 790 2119 868 cister-

602 922 736 1051 *bpfls
756 918 920 997 Ordiriis
949 912 1204 993 Coenobium
1220 907 1511 1014 pertinentibus
1537 902 1775 1003 impendere
1802 898 2006 984 videatur;
2026 919 2119 971 non

605 1004 656 1057 ²¹¹
683 998 747 1062 ἠ’
776 1010 843 1041 “⁶''
901 1019 986 1083 “rui
1018 1020 1257 1093 coniectura
1275 1016 1414 1101 nixus,
1441 1010 1677 1088 sententiam
1703 1002 1993 1104 pronunciare,
2019 1021 2117 1073 eum

577 1064 1064 1263 'h‘ie‘ffiiadffllllal
1079 1101 1993 1281 {iffinsurtrssrl⁰s¹¹ffzg¹ugpgngafgiffgie
2029 1097 2119 1275 gp}

531 1324 535 1333 .
608 1284 787 1395 gantium
804 1270 954 1361 indicio
963 1265 1138 1366 primum
1147 1259 1215 1337 sub
1235 1259 1367 1336 saeculi
1384 1258 1480 1336 XV.
1489 1262 1646 1337 initium
1663 1267 1827 1365 scripta„
1844 1306 1905 1357 ἦ,
1933 1302 1992 1367 ssh

638 1382 785 1468 „phua
802 1390 958 1460 tamen,
986 1368 1095 1441 cuius
1115 1387 1244 1469 opera
1259 1360 1303 1437 hi
1320 1361 1490 1439 annales
1508 1363 1763 1464 prodierunt,
1787 1366 1856 1442 lirb
1875 1326 2122 1447 sacuus‘lffi',

610 1418 732 1546 hnem
759 1480 800 1542 et
829 1470 940 1539 XIII.
976 1468 1132 1541 initium
1167 1466 1287 1545 vixit:
1323 1464 1433 1565 quod
1450 1489 1505 1540 ex
1521 1465 1701 1570 pluribus
1721 1469 1901 1545 eiusdem
1919 1470 2042 1563 locis,
2068 1474 2121 1549 iis

608 1569 847 1676 praesertim,
875 1590 963 1667 quae
981 1570 1035 1643 ad
1053 1594 1178 1657 annos
1203 1586 1314 1663 1278.
1344 1584 1454 1657 κω.
1481 1581 1523 1643 et
1544 1584 1652 1663 1289.
1671 1568 1875 1672 leguntur,
1903 1560 2121 1669 evincitur,

609 1700 689 1779 quo
716 1671 934 1775 posteriore
954 1694 1061 1747 anno
1089 1673 1127 1748 se
1147 1672 1278 1749 violas
1296 1670 1586 1756 mediahieme
1603 1670 1791 1747 florentes
1810 1671 1885 1748 suis
1914 1677 2041 1751 oculis
2060 1680 2123 1756 vi-

608 1776 702 1854 dilse
720 1774 891 1853 testatur.
917 1770 1057 1871 Itaque
1078 1772 1224 1850 Codex
1240 1774 1369 1850 noller
1384 1770 1643 1877 apographus
1662 1771 1943 1851 etChrouicon
1962 1803 2122 1879 anony-
2171 1807 2173 1814 ·

607 1904 720 1957 mum
739 1878 809 1952 est:
838 1898 917 1975 quo
936 1888 1105 1976 utroque,
1121 1880 1284 1955 nomine
1301 1876 1408 1953 illius
1434 1878 1564 1980 pretio
1584 1875 1685 1950 nihil
1701 1876 1883 1955 demitur.
1935 1880 2120 1957 Annales

604 1984 664 2058 illi
683 1978 734 2056 ab
756 2002 863 2055 anno
884 1974 1022 2052 Chrilli
1040 2004 1132 2075 973.
1158 1982 1317 2055 initium
1341 1980 1515 2070 sumunt,
1543 1991 1586 2052 et
1611 1977 1802 2077 usquead
1828 2004 1976 2056 annum
2007 2011 2121 2077 1315.

600 2086 846 2189 pertingunt.
882 2080 992 2157 Tum
1001 2092 1097 2157 vero
1116 2082 1158 2157 in
1177 2084 1325 2162 eodem
1343 2080 1495 2158 Codice
1507 2080 1731 2180 eodemque
1750 2081 1817 2156 lilo
1836 2082 2071 2183 rhythmica
2079 2100 2121 2161 et
2146 2099 2149 2103 “

604 2186 810 2264 Austriaco
819 2182 1013 2258 idiomate
1024 2186 1264 2263 concinnata
1272 2185 1484 2287 descriptio
1494 2180 1593 2259 belli
1607 2185 1710 2259 inter
1718 2182 1955 2286 Adolphum
1964 2186 2122 2264 Roma-
2225 2218 2233 2241 ¹

562 2290 747 2369 'uorum
764 2283 1468 2391 RegemetAlbertum'Auliriacum
1486 2286 1601 2391 gelli,
1628 2308 1677 2360 ac
1726 2312 1748 2360 u
1778 2311 1840 2361 nae
1866 2313 1971 2366 anno
2005 2308 2120 2388 1298.
2165 2300 2168 2306 '

606 2409 669 2469 2⁸.
696 2391 788 2469 Iulii
812 2390 918 2463 inter
935 2386 1095 2466 eosdem
1121 2416 1251 2496 prope
1280 2388 1522 2467 coenobium
1548 2311 1725 2465 Rosenth

604 2496 715 2571 nullo
744 2492 908 2594 quidem
924 2490 1052 2567 modo
1081 2496 1134 2569 ad
1158 2494 1283 2573 sidem
1307 2493 1534 2569 historicam
1560 2504 1729 2581 exacta,
1754 2491 1822 2567 sed
1854 2491 1956 2593 llylo
1981 2497 2117 2595 potius

604 2599 848 2674 eroticorum
865 2591 1104 2686 Poetarum,
1131 2592 1401 2698 Minnelinger
1426 2595 1549 2697 vulgo
1577 2594 1796 2686 dictorum,
1824 2599 1892 2694 qui
1920 2620 1970 2670 ea
1996 2610 2116 2673 aetate

499 2700 505 2759 ἶ
589 2692 831 2798 scalpentes
860 2707 995 2787 erant,
1023 2696 1232 2773 adornata.
1283 2697 1389 2775 Huic
1408 2696 1519 2772 illico
1538 2698 1751 2772 coniuncta
1769 2697 1821 2771 ell
1838 2698 1966 2772 altera
1975 2723 2114 2774 narra·

603 2804 683 2893 tio,
710 2798 843 2900 patrio
862 2794 1012 2872 rursum
1029 2793 1230 2891 sermone,
1256 2797 1452 2902 prosaque
1471 2801 1674 2888 oratione,
1702 2811 1820 2898 atque
1839 2821 1933 2975 egre
1963 2802 2002 2877 io
2023 2826 2116 2877 cum

490 2969 497 2981 .
600 2892 751 2979 iudicio
771 2898 935 3001 scripta,
955 2920 1034 3000 qua
1053 2904 1255 2977 contentio
1274 2904 1325 2980 de
1343 2902 1515 3003 imperio
1526 2902 1630 2975 inter
1646 2900 1746 2997 duos
1765 2914 1867 2977 aemu
1885 2826 2138 2987 callidem„

582 3034 587 3040 ·
604 3029 695 3084 cum
712 3000 928 3098 Pulchrum
936 2999 1499 3097 AustriacumetLudovicum
1515 3002 1721 3082 Bavarum
1729 3029 1877 3108 magno
1889 3006 2115 3084 animorum

504 3108 507 3122 '
601 3105 692 3191 'aeliu
711 3107 881 3210 agitata,
908 3115 948 3179 et
957 3104 1118 3181 celebre
1136 3107 1461 3188 athildorlium
1476 3107 1660 3209 praelium
1677 3107 1868 3228 graphice
1878 3107 2127 3186 recensetura‘

416 3195 420 3203 ’
511 3235 518 3244 ·
600 3209 789 3310 Denique
815 3205 920 3284 hunc
958 3203 1153 3286 Codicem
1172 3213 1323 3288 claudit
1347 3210 1480 3288 brevis
1507 3235 1641 3286 rerum
1666 3221 2114 3311 annrs13s6.etr321.

601 3312 893 3391 occurrentium
914 3307 1129 3412 expofitio,
1155 3338 1277 3412 quam
1295 3312 1559 3417 praesentibus·
1582 3311 1792 3388 annalibus
1810 3338 1888 3390 uuo
1907 3313 1975 3390 filo
1994 3315 2110 3394 subii·

602 3439 715 3508 cere,
771 3437 872 3490 uam
881 3413 932 3489 ab
953 3415 1010 3488 eis
1029 3414 1222 3492 divellere
1249 3419 1374 3494 malui
1382 3447 1395 3504 ;
1430 3440 1673 3518 quamquam
1690 3441 1759 3490 eas
1769 3429 1848 3491 tres
1875 3417 2112 3518 posteriores

600 3521 725 3594 manti
755 3542 799 3592 as
818 3514 944 3590 solum
961 3515 1161 3610 adiectas,
1188 3534 1230 3596 et
1245 3521 1298 3596 ab
1318 3521 1398 3596 alio
1410 3534 1570 3595 auctore
1617 3517 1791 3594 rofectas
1811 3515 2049 3596 existimem.
2068 3537 2112 3578 '-
2193 3539 2196 3543 ’

599 3615 891 3710 Altercodex,
912 3618 1051 3718 dequo
1070 3617 1150 3696 hoc'
1167 3621 1407 3699 loco'sermo
1427 3621 1499 3713 eli,
1517 3624 1558 3694 in
1605 3621 1695 3697 lalse
1714 3619 1999 3697 Historicorum
2014 3643 2116 3724 pro·‘

597 3722 785 3800 sanorum
802 3743 1010 3812 numerum
1020 3719 1262 3807 DXXXVI.
1281 3724 1455 3816 obtinet,
1480 3724 1700 3824 itidemque
1718 3722 1974 3817 chartaceus,
2001 3739 2047 3801 et
2070 3729 2110 3800 in

599 3824 687 3902 folii
704 3824 837 3901 forma
855 3847 976 3898 manu
994 3821 1124 3898 saeculi
1142 3825 1239 3901 XV.
1275 3824 1545 3904 exaratusest·
1598 3824 1787 3901 Chronici
1806 3824 1925 3904 huius
1954 3831 2107 3931 compi·

484 3963 487 3968 ¹
597 3928 771 4004 latorem
787 3930 828 4002 in
847 3923 1214 4003 celebriAsceterio
1232 3929 1440 4004 Zwetlenli
1467 3931 1508 4004 in
1527 3929 1683 4006 Austria
1701 3929 1754 4004 ad
1780 3926 1988 4006 Bohemiae
2015 3955 2108 4008 con·

599 4029 695 4105 linia
713 4027 970 4104 monasticam
991 4019 1248 4104 Cister'cienhs
1267 4029 1423 4106 instituti
1432 4034 1560 4108 vitam
1606 4030 1789 4108 roselsum
1805 4031 1935 4125 fuille,
1961 4049 2111 4135 praeter

485 4201 494 4224 ,
597 4134 765 4210 minoris
791 4131 986 4240 momenti
1013 4130 1164 4206 indicia
1194 4133 1301 4209 clare
1329 4157 1382 4209 ex
1406 4135 1486 4209 illis
1513 4060 1647 4210 verhis
1676 4133 1902 4237 colligitur,
1938 4161 2025 4235 quae
2056 4136 2107 4214 ad

602 4258 750 4310 annum
781 4261 796 4308 ι
801 4237 890 4334 33⁶·
917 4232 1120 4337 leguntur:
1165 4234 1252 4312 Rex
1270 4242 1365 4314 ero
1384 4236 1581 4337 ,Bobemioe
1605 4234 1815 4436 (loannep
1842 4237 2014 4339 ascendit
2034 4259 2105 4342 ptr

599 4337 794 4418 terminos
810 4333 1037 4432 monasterii.
1066 4259 1340 4441 (Zwetlenfisl
1364 4341 1499 4417 Athos
1518 4339 1576 4418 ibi
1592 4350 1752 4442 pactum
1788 4337 1919 4416 aciens
1934 4391 1949 4434 ‚
1966 4363 2015 4420 ne
2030 4365 2104 4422 nos

490 4495 491 4498 κ
600 4449 640 4518 et
660 4437 788 4539 nostra
805 4439 1036 4533 offenderet,
1060 4435 1197 4517 vinum
1221 4449 1412 4541 erponem
1431 4451 1520 4520 toto
1543 4441 1754 4538 exercitui,
1779 4450 1827 4519 ut
1850 4441 2010 4544 potuit,
2034 4443 2102 4523 mi·

597 4540 791 4640 uisitauit.
844 4539 1184 4642 chronographus
1202 4540 1269 4617 itte
1287 4543 1517 4619 Zwetlenlis
1537 4543 1589 4619 ab
1607 4545 1752 4618 iisdem
1771 4567 1863 4619 cum
1880 4547 2015 4646 priore
2034 4573 2102 4622 an·

466 4644 468 4664 '
596 4648 658 4724 nis
684 4641 1084 4734 historiam'orditur,
1128 4641 1196 4718 sed
1233 4669 1324 4720 eam
1352 4671 1474 4745 usque
1500 4647 1553 4722 ad
1581 4665 1739 4722 annum
1760 4647 1868 4744 1362.
1894 4647 2101 4748 provehite

596 4750 722 4855 immo
747 4770 897 4852 pugnae
921 4745 975 4821 ad
1001 4743 1207 4848 Sempach
1237 4757 1349 4851 ¹38⁶·
1372 4763 1429 4851 9⁸·
1450 4750 1541 4827 Iulii
1559 4747 1901 4827 hahitaeuarratio
1926 4752 2035 4931 rudis
2062 4765 2130 4855 et·⁸

654 4921 658 4927 .
1206 4904 1208 4912 ,
1417 4902 1421 4908 ,
1958 4879 1982 4932 ο
2000 4880 2053 4938 ει·

1790 2390 1899 2465 initae
1924 2390 2119 2491 sequitur,
2254 2480 2262 2494 ,
