4717 6050
619 468 695 552 ‚92
1135 444 1563 532 Anourur
1684 384 1689 393 ¹

574 648 715 781 quod
749 630 1022 778 sumpserat.
1065 680 1229 865 afiquo
1264 654 1414 747 etiarn
1448 650 1555 745 fere
1589 648 1894 775 periclitatus
1916 643 2091 753 suerat.

422 823 432 831 -
573 798 680 866 non
740 770 988 867 resumens
1011 769 1094 865 De
1151 768 1355 865 delitate
1378 768 1575 865 suorum
1588 766 1947 863 australiumV
2005 788 2088 868 ote

610 918 660 982 ur
696 918 731 981 e
770 916 797 983 e
822 884 1030 983 offensus
1051 886 1214 985 fuerat
1234 887 1297 981 ab
1324 886 1395 982 eir
1419 886 1746 1014 inpingentes
1768 887 1829 980 ei
1859 915 1960 1012 quo
2016 892 2093 985 ni·

573 916 674 1100 {1th
764 1018 870 1100 uret
908 1007 994 1101 eis.
1037 1004 1121 1100 nisi
1155 1004 1349 1101 Sweuis
1378 1002 1488 1099 suis.
1531 1005 1598 1097 Et
1618 1001 1756 1129 quod
1780 1032 1955 1101 ornnes
1975 1036 2088 1130 pto·

572 1134 753 1217 uentus
772 1136 1012 1217 terrarum
1034 1120 1238 1216 suarum.
1268 1119 1616 1217 transmitteret
1645 1118 1711 1214 ad
1732 1118 1994 1217 Sweuiam.
2037 1139 2091 1223 et

571 1236 691 1333 inde
718 1254 1029 1364 compararet
1050 1238 1121 1333 ibi
1151 1240 1390 1333 ciuitates
1418 1252 1471 1332 et
1502 1236 1662 1333 casira.
1693 1251 1746 1331 et
1777 1236 2092 1364 possessiones

573 1354 821 1451 Diuersus.
865 1370 916 1450 et
950 1353 1087 1482 quod
1118 1355 1316 1451 nobiles
1350 1353 1599 1449 Dominae
1627 1353 1799 1449 viduas
1834 1369 1887 1450 et
1908 1354 2089 1454 diuites

572 1472 772 1568 relictas
806 1470 868 1567 de
898 1488 1029 1567 terra
1066 1474 1297 1599 coniugio
1329 1500 1428 1597 quo
1467 1502 1528 1567 ue
1558 1473 1611 1565 vi
1643 1470 1901 1595 copularet
1927 1471 2088 1573 sueuis

571 1589 680 1685 suis.
761 1588 863 1685 uod
893 1618 989 1685 nec
1024 1589 1171 1683 casira
1212 1620 1308 1685 nec
1341 1588 1451 1686 clau
1513 1619 1544 1683 a
1580 1586 1833 1684 edificaret
1861 1591 1914 1685 in
1942 1602 2087 1687 terra.

570 1704 688 1801 ficut
738 1722 936 1803 ecerant
959 1706 1323 1831 predecessores
1345 1707 1416 1800 sui
1446 1708 1578 1803 olim.
1604 1704 1726 1801 misit
1751 1703 1819 1801 ad
1840 1704 2088 1809 Sweuiam

573 1839 625 1917 et
663 1827 959 1919 conuocauit
990 1852 1092 1919 eos.
1135 1824 1238 1945 Qui
1259 1820 1461 1919 honeste
1484 1853 1634 1919 manu
1655 1836 1840 1920 minate
1872 1853 1983 1919 cum
2004 1854 2086 1921 co·

608 1942 709 2035 ioso
748 1942 967 2035 exercitu
997 1955 1242 2036 venerunt
1271 1945 1319 2036 ei
1347 1944 1401 2037 in
1426 1939 1676 2037 auxilium.
1702 1954 1754 2036 et
1777 1940 1933 2035 multe
1956 1942 2087 2038 mala

570 1972 798 2153 iecerunt
818 2059 1024 2151 interra.
1054 2074 1397 2187 expugnantes
1422 2061 1547 2154 etin
1593 2072 1835 2184 ugnantes
1857 2057 1973 2153 illos
2001 2061 2086 2184 qui
2154 2061 2159 2071 “

455 2226 457 2231 v
571 2176 869 2314 oposuerant
890 2174 938 2273 se
960 2172 1056 2269 sibi.
1087 2176 1219 2271 inter
1238 2206 1364 2301 quoe
1385 2207 1532 2318 quem
1570 2174 1882 2271 amnobilem
1901 2172 2087 2271 dictum

570 2288 998 2387 Lrechtensiainer.
1021 2292 1103 2387 De
1117 2292 1460 2389 Valchenstam
1485 2294 1706 2391 obtentis
1729 2293 1957 2389 omnibus
1988 2320 2085 2418 que

569 2408 787 2505 habebat
817 2410 903 2535 qui
922 2408 1077 2504 multa
1096 2410 1228 2505 mula
1246 2411 1433 2507 fecerat
1456 2443 1547 2538 per
1558 2412 1756 2539 rapinas
1774 2410 1825 2503 in
1846 2424 1978 2503 terra
2001 2438 2084 2505 ex·

479 2618 482 2625 ,
568 2527 959 2637 terminauernnt
980 2554 1093 2620 eum
1115 2525 1178 2623 de
1201 2558 1272 2622 ea.
1331 2528 1429 2668 Alij
1452 2559 1572 2625 vero
1594 2527 1657 2622 ad
1670 2524 1989 2623 concordiam
2009 2556 2084 2621 re·

430 2707 436 2715 -
571 2642 689 2736 uersi
722 2642 839 2736 sunt.
931 2641 1103 2737 Postea
1135 2644 1257 2738 Dux
1290 2676 1495 2770 cupiens
1526 2644 1777 2741 vindicare
1816 2642 1930 2738 dam
1966 2674 2083 2739 num

476 2806 483 2823 ·
569 2776 621 2853 et
663 2760 888 2853 iniuriam
933 2790 962 2852 a
998 2759 1276 2886 supradicto
1317 2764 1719 2889 Archiepiscopo
1756 2761 1841 2857 ubi
1883 2764 1901 2853 i
1941 2774 2081 2859 atam.

568 2904 680 2969 cum
712 2876 797 2972 suo
834 2879 1052 2971 exercitu
1091 2880 1294 2973 intrauit
1322 2879 1587 2977 tabariam.
1615 2878 1850 2975 transiens
1877 2907 1970 3002 per
1993 2876 2081 3008 sty-

566 2994 703 3087 riam.
763 2995 849 3119 qui
892 3024 1003 3088 cum
1043 2995 1156 3118 suis⁸
1178 2994 1469 3094 hominibus.
1513 2998 1574 3093 ab
1614 2996 1793 3093 incolis
1833 2996 2082 3092 moncium

568 3110 723 3203 multa
753 3111 973 3250 pericula
1001 3113 1253 3324 perpessus
1284 3111 1361 3207 est.
1402 3115 1487 3209 nisi
1520 3113 1658 3240 quod
1674 3115 1840 3210 obbas
1860 3111 2080 3210 Admun·

567 3225 724 3320 densis
757 3259 1053 3355 inexpertis
1083 3261 1135 3324 1n
1166 3246 1404 3358 quantum
1436 3246 1637 3357 poterat
1667 3233 1715 3325 ei
1745 3229 2078 3327 subueniebet.

565 3340 796 3442 Tandem
856 3348 1049 3444 eruenit
1076 3347 1140 3442 ad
1163 3348 1426 3473 quamdam
1447 3350 1698 3445 ciuitatem
1718 3345 1905 3443 Ratsiat
1922 3351 2080 3444 nomi·

564 3487 631 3556 ne
659 3476 710 3558 et
733 3463 799 3559 ob
821 3464 924 3560 edit
944 3493 1052 3562 eam
1087 3481 1138 3561 et
1153 3469 1308 3559 iacuit
1328 3467 1399 3561 ibi
1418 3495 1513 3592 per
1530 3462 1734 3593 longum
1755 3477 1964 3590 tempus.
1995 3461 2080 3560 sed

565 3605 671 3673 non
705 3581 931 3706 profecit.
976 3587 1090 3710 quic
1114 3601 1254 3678 erant
1276 3586 1409 3678 intus
1443 3585 1619 3710 optimi
1640 3581 1937 3678 defensores.
1973 3581 2079 3678 Ho-

565 3696 724 3793 mines
767 3699 926 3792 Ducis
959 3700 1171 3796 babarie.
1208 3715 1260 3795 et
1290 3699 1655 3826 archiepiscopi.
1699 3700 1786 3826 qui
1820 3695 2077 3796 Defende·
2149 3817 2152 3822 ,

563 3809 688 3908 bant
708 3814 755 3909 se
781 3817 997 3910 viriliter.
1030 3835 1081 3912 et
1103 3817 1159 3912 iic
1180 3815 1348 3910 multis
1370 3817 1654 3912 hominibus
1677 3816 1747 3911 ibi
1766 3813 1977 3956 perditis
2001 3845 2075 3911 re·

565 3929 697 4024 cessit
719 3931 782 4025 ab
807 3932 1059 4029 obfidione
1092 3936 1269 4030 volens
1301 3936 1471 4028 venire
1493 3935 1547 4029 in
1567 3932 1864 4027 adiutorrum
1887 3961 2072 4060 genero

563 4045 662 4141 suo.
687 4052 792 4176 regi
803 4049 1031 4191 ⁰Vngarie.
1064 4054 1149 4176 qui
1169 4049 1348 4146 eodem
1367 4066 1593 4176 tempore
1616 4080 1726 4143 cum
1745 4050 1832 4144 suo
1855 4052 2075 4145 exercitu

424 4182 428 4190 ’
563 4162 756 4258 iacebat
799 4197 851 4262 ιιι
895 4165 1146 4263 obsidione
1193 4166 1519 4294 quorumdam
1567 4165 1838 4263 castrorum.
1880 4170 2077 4262 comitis

558 4283 742 4491 pwani
765 4300 816 4379 et
841 4315 950 4381 cum
974 4284 1289 4381 obtinuissent
1312 4287 1361 4378 ei
1385 4284 1630 4382 violenter
1647 4284 1740 4378 tria
1753 4282 1901 4378 castra
1919 4282 2071 4380 reces-¹

577 4414 736 4494 erunt.
772 4417 822 4495 et
844 4399 1020 4497 reuersi
1043 4403 1151 4498 sunt
1182 4399 1247 4497 ad
1303 4431 1359 4496 ro
1395 4404 1479 4498 rie.
1521 4403 1642 4498 Dux
1671 4431 1792 4498 vero
1812 4400 2071 4526 ‘assumptis

1360 4431 1633 4614 {abaciam
1669 4519 1872 4645 cupiens
1896 4515 2073 4612 confir,

559 4659 695 4725 mare
728 4665 913 4758 pacem.
945 4639 1257 4764 interipsum
1289 4651 1340 4730 et
1372 4637 1568 4732 Ducem
1600 4635 1800 4732 babarie
1824 4647 1885 4730 'et
1914 4635 2069 4730 archi·
2172 4701 2185 4710 -

561 4751 854 4890 episcopum.
897 4769 946 4848 et
971 4755 1029 4849 sic
1055 4757 1190 4852 sueui
1212 4753 1508 4851 recesserunt
1531 4754 1613 4848 De
1634 4771 1778 4849 terre.
1801 4781 2071 4964 numqpam

410 4901 414 4907 ’
1108 4941 1111 4946 ·
1370 4925 1374 4931 ’
1980 4899 2007 4985 9

559 4515 719 4612 sueuis
743 4519 850 4613 suis.
882 4551 993 4614 cum
1018 4523 1089 4616 eis
1122 4434 1340 4615 asceniit
