4717 6050
604 430 690 535 m.
1150 414 1625 573 anonrni'

730 716 732 721 ·
759 656 968 755 Robrica.
999 650 1222 749 Exceslio
1244 651 1462 779 Philippi
1487 669 1537 749 et
1559 651 1781 752 aliorum.

678 772 977 869 M⁰.cc.lxxv.
1009 770 1268 910 Philippus
1279 771 1422 864 heres
1434 772 1689 865 Karinthie
1704 769 1955 896 quondam
1967 774 2068 867 ele·

566 909 672 989 ctus
685 891 826 987 Salcz
863 887 1087 1015 urgensis
1109 887 1289 982 deinde
1313 889 1553 1013 aquilegie
1573 891 1625 981 in
1638 888 1965 1012 patriarcham
1984 921 2074 1025 po·

566 1010 780 1149 [inlatus.
812 922 899 1103 [bd
916 1021 1121 1131 propter
1139 1003 1514 1099 inconstanciam
1535 1022 1739 1145 viraque
1761 1021 2070 1144 prerogatiua

499 1180 506 1190 ·
563 1121 1885 1381 astru-003³trituettltastrtttaansra
1903 1124 2070 1333 Κ

566 1360 790 1456 ciombus
821 1357 1064 1565 alupurbus
1095 1356 1249 1450 llatrm
1271 1356 1455 1450 violata
1478 1354 1589 1451 side.
1619 1357 1811 1597 Repem
1832 1356 2072 1452 Bohemie
2238 1377 2244 1385 ·

564 1478 775 1603 reliquit.
815 1473 896 1569 Ru
934 1472 1039 1567 olfo
1073 1474 1237 1567 electo
1272 1467 1466 1568 adhesit.
1536 1472 1673 1569 Idem
1721 1483 1825 1579 item
1875 1475 2070 1567 Hertni-

566 1595 657 1687 dus
692 1593 755 1687 de
785 1589 1041 1687 Wildonia
1069 1592 1125 1683 in
1157 1590 1315 1682 Stiria.
1354 1590 1693 1687 Wernhardus
1727 1588 1789 1682 de
1892 1586 2075 1698 olsher·

418 1805 423 1815 ,
462 1719 466 1725 ’
564 1709 703 1807 slorss.
731 1724 781 1803 et
803 1708 1111 1802 Wihosarius
1137 1709 1188 1799 in
1215 1704 1383 1801 aullria
1406 1708 1620 1833 receptis
1652 1707 1846 1802 occulte
1870 1704 2072 1803 Rudolli

568 1829 715 1923 electi
744 1826 934 1919 litteris.
970 1838 1021 1917 et
1044 1854 1171 1917 vana
1196 1824 1277 1946 spe
1307 1823 1489 1919 seducti
1512 1828 1617 1949 regi
1638 1814 1897 1923 Bohemie.
1913 1824 1962 1919 se
1986 1855 2018 1918 o

426 1990 429 1995 ¹
604 1946 847 2041 oluerunt.
888 1970 1013 2066 quos
1034 1938 1166 2045 idem
1187 1969 1276 2033 rex
1299 1954 1408 2035 toto
1431 1943 1733 2067 persequitur
1753 1940 1883 2054 nisu,
1914 1957 2017 2041 eto

563 1979 702 2159 dedit.
760 2058 891 2153 Nam
932 2054 1143 2151 heredes
1184 2056 1396 2180 ipsorum
1440 2090 1565 2183 quos
1600 2058 1683 2151 sibi
1719 2059 1854 2182 prius
1884 2055 2073 2156 obfides

565 2178 806 2275 dederant
828 2172 1226 2268 iubetmachinis
1249 2176 1530 2311 parentibus
1552 2179 1712 2270 iacere
1727 2190 1842 2267 ante
1854 2205 1953 2269 ora.
1974 2206 2072 2313 quo

565 2413 694 2507 tradi
731 2422 888 2503 erunt.
947 2404 1219 2501 Hertnidus
1252 2439 1374 2503 uero
1407 2408 1701 2535 Wildoniep.
1727 2424 1785 2501 et
1808 2410 2072 2503 Wernhar·

566 2530 661 2645 dus
683 2520 1111 2623 Wolnentorffer.
1148 2527 1361 2647 receptis
1383 2527 1475 2618 suis
1495 2525 1761 2619 heredibus
1792 2525 2072 2651 relictisque

564 2640 937 2741 hereditatibus.
974 2654 1130 2733 metas
1154 2669 1206 2731 re
1242 2641 1282 2733 is
1304 2640 1558 2759 Bohemie.
1590 2642 1686 2736 sine
1712 2640 1794 2764 spe
1819 2642 2073 2737 redeundi.

564 2765 764 2888 penitus
796 2757 906 2850 sunt
942 2754 1136 2880 expulsi.
1178 2668 1256 2875 aiij
1285 2788 1405 2851 vero
1434 2758 1542 2851 sunt
1565 2761 1727 2885 gracie
1749 2762 1877 2882 regis
1902 2790 2074 2854 recon-

567 2880 732 2972 ciliati.
770 2874 862 2980 His
900 2870 1065 2996 itaque
1098 2871 1333 2995 superatis
1366 2875 1546 2997 plures¹
1566 2891 1617 2970 et
1639 2878 1867 2999 pociores
1901 2876 2012 2971 Rex
2045 2910 2075 2971 a

568 2986 943 3094 Wiennensibus
980 3002 1030 3082 et
1061 2992 1119 3081 ab
1151 2989 1255 3110 alijs
1280 2993 1556 3088 ciuitatibus
1592 2991 1780 3088 obsides
1814 2993 2072 3120 requisruit

484 3201 486 3206 .
566 3111 751 3206 Vrbem
776 3135 974 3317 quoque
998 3107 1215 3242 Wienne
1244 3107 1370 3203 insra
1394 3141 1559 3222 muros
1580 3109 1713 3235 apud
1730 3126 1925 3234 portam
1949 3115 2072 3206 Wit-

567 3224 876 3323 marcht'val
914 3255 944 3316 e
964 3240 1201 3317 munitam
1221 3228 1354 3350 cepit
1376 3227 1663 3352 construere.
1697 3243 1748 3322 et
1766 3230 2073 3325 municiones

391 3439 396 3452 ,
568 3379 630 3440 ex
660 3375 796 3440 nouo
829 3341 1018 3436 interea
1053 3337 1303 3436 edificatae
1331 3344 1563 3466 plurimas
1588 3344 1875 3469 exstirpauit.
1949 3347 2073 3442 ltem

566 3480 791 3587 tempore
826 3455 999 3552 mensis
1023 3455 1160 3584 May.
1196 3459 1355 3554 nubes
1389 3491 1538 3586 aquas
1570 3493 1744 3587 quasa
1767 3466 1904 3558 mari.
1935 3478 1985 3557 et
2008 3466 2074 3558 ab

566 3580 674 3702 alijs
701 3574 978 3671 fluminibus
1010 3575 1062 3666 in
1082 3571 1335 3670 moderate
1371 3609 1500 3671 anno
1523 3581 1749 3702 proximo
1820 3580 2073 3678 recedenti

564 3693 823 3790 hauserant
856 3688 1051 3784 diuersis
1083 3705 1321 3788 terrarum
1355 3695 1574 3818 partibus
1609 3693 1768 3817 disper
1785 3727 1849 3788 rm
1885 3696 2073 3791 Diuina

493 3919 498 3928 .
564 3811 888 3934 prouidencia
910 3806 1088 3930 absque
1106 3808 1364 4017 frandine.
1387 3827 1439 3903 et
1460 3811 1554 3906 sine
1581 3843 1758 3938 magno
1784 3815 1970 3937 impetu
1996 3845 2070 3909 re·

565 3929 845 4022 fundentes.
870 3953 960 4050 per
974 3923 1158 4063 singuo
1206 3927 1338 4021 enim
1349 3927 1692 4054 subsequentes
1713 3931 1913 4024 menses.
1934 3929 2073 4026 Dum

455 4052 465 4070 “
567 4044 630 4138 ad
662 4041 943 4168 hyemalem
976 4054 1238 4134 terminum
1267 4045 1319 4140 in
1349 4060 1537 4139 tantum
1569 4045 1748 4174 ymber
1782 4049 2071 4152 continuare

566 4161 754 4256 studuit.
786 4155 922 4297 quod
944 4187 1007 4250 ex
1030 4157 1359 4254 inundacione
1388 4193 1478 4286 per
1497 4164 1718 4290 ytaliam.
1743 4162 2071 4262 Germaniam.

441 4344 445 4352 ·
567 4281 934 4374 etalamaniam.
956 4273 1264 4369 vniuersiriui
1278 4277 1476 4374 statutos
1497 4284 1733 4382 terminos
1759 4281 2070 4380 excesserunt.

567 4398 623 4489 In
642 4393 833 4510 Austria
856 4406 1018 4486 autem
1057 4406 1110 4483 ut
1133 4393 1397 4494 ueridicam
1422 4396 1574 4492 flauus
1599 4397 1880 4523 massagetes
1914 4401 2072 4524 quiet

516 4576 521 4586 -
566 4511 829 4606 Danubius
864 4509 940 4604 bis
970 4506 1229 4604 invndans.
1264 4514 1416 4606 tercia
1445 4545 1563 4610 uero
1588 4513 1916 4610 invndacione
1949 4533 2069 4612 tem·

464 4657 469 4666 ·
605 4659 689 4723 ore
716 4628 935 4748 autumni
961 4624 1112 4752 ‘longe
1138 4623 1336 4752 lateque
1362 4627 1554 4725 dissusus
1577 4629 1863 4728 molendina
1894 4647 1945 4726 et
1967 4633 2070 4730 edi·

566 4661 674 4844 beia
708 4774 911 4841 aceruos
942 4772 1140 4870 quoque
1177 4744 1438 4845 cuiuslibet
1466 4752 1617 4875 grani.
1641 4750 1940 4886 intritulatop
1963 4750 2075 4890 sira·

521 4893 524 4900 ’
888 4907 896 4925 ·
985 4925 992 4932 -
1866 4900 2010 4966 mirus

565 2299 664 2392 viso
696 2304 930 2505 parentes
967 2287 1296 2385 misericordia
1328 2296 1448 2385 moti
1485 2294 1604 2386 sunt.
1640 2294 1947 2385 municiones
1969 2322 2072 2415 regi
2138 2328 2142 2341 ¹
2305 2332 2310 2344 ·
