4717 6050
553 428 669 532 ‚²⁰⁸
901 380 1014 501 ‘1.
1067 400 1576 499 ua'r1ouau1vu
1700 390 1704 405 '

495 748 498 754 ,
537 616 798 762 ligantium
827 644 881 726 et
900 624 1207 726 manentium
1227 623 1281 716 in
1308 621 1506 720 ciuitate
1531 620 1705 753 Stayn.
1744 628 1825 723 uel
1851 625 2058 729 Chrems

538 738 691 833 nrchil
720 747 927 845 loluant.
971 740 1056 841 led
1085 736 1295 869 quilibet
1329 738 1528 837 illorum
1560 756 1661 835 tem
1700 773 1787 841 ore
1825 744 2056 872 vindemij

538 859 696 998 soluat
725 868 959 991 mutarijr.
992 865 1022 959 i.
1041 891 1142 957 vas.
1186 852 1323 984 quod
1345 888 1403 953 ca
1438 861 1508 954 iat
1531 856 1650 953 dimi
1689 865 1782 957 'am
1806 865 2056 963 carradam

538 977 655 1072 vmi.
720 983 913 1081 Omnes
943 987 995 1078 in
1019 978 1303 1077 differenter
1327 973 1390 1071 de
1449 977 1632 1074 vmulo.
1655 992 1708 1074 et
1732 980 1796 1079 de
1819 982 2058 1089 fructibus

537 1096 732 1196 roluaiu
756 1097 822 1196 ad
845 1102 1030 1199 bonam
1053 1094 1405 1192 discrecionem
1429 1097 1762 1193 mutariorum.
1830 1099 1955 1195 Item
1992 1102 2056 1199 de

537 1219 653 1312 iiiia·
678 1216 898 1317 Tuzanis
930 1218 1202 1347 anglorum.
1238 1213 1269 1307 i.
1307 1210 1577 1317 denarium.
1638 1216 1722 1311 De
1757 1214 1938 1313 luzano
1974 1248 2058 1315 au·

571 1338 731 1432 lorum
754 1334 1029 1453 sericorum.
1063 1334 1113 1428 ii.
1139 1329 1393 1427 denarios.
1431 1332 1542 1427 Do.
1564 1333 1679 1427 iiiia·
1705 1337 1897 1431 tuzanis
1921 1336 2057 1432 halb·

537 1367 720 1551 leideu.
754 1456 784 1548 i.
822 1454 1092 1553 denarium.
1153 1449 1239 1544 De
1263 1448 1531 1547 tuzanode
1556 1452 1777 1581 corrigiis
1803 1455 1953 1581 nigris
1977 1456 2059 1550 uel

538 1574 683 1693 tuliis.
715 1573 960 1671 auricalco
984 1573 1068 1669 uel
1092 1598 1246 1707 cupro
1270 1568 1541 1667 sufferretis.
1564 1570 1878 1673 idenarium.
1914 1572 2063 1669 item

540 1692 604 1790 de
628 1692 819 1788 talento
841 1695 976 1789 lerci.
1004 1693 1035 1787 i.
1060 1689 1327 1787 denanum.
1388 1684 1472 1780 De
1497 1686 1687 1785 talento
1709 1689 1901 1784 zwirus.
1924 1691 1953 1785 i.
1976 1689 2060 1786 de·

112 1820 117 1829 '
250 1869 257 1890 ι
373 1883 393 1931 ·.
539 1811 742 1907 narium.
814 1810 899 1906 De
933 1808 1128 1906 duobus
1194 1802 1338 1900 ladiis
1365 1804 1508 1900 dictis
1540 1821 1700 1933 praui.
1734 1806 1764 1900 i.
1791 1803 2059 1905 denarium.

539 1932 623 2025 De
647 1929 762 2050 iiij⁰¹·
785 1928 1066 2056 wagenlvn.
1091 1928 1121 2020 i.
1181 1924 1414 2019 enarium.
1470 1923 1555 2018 De
1579 1925 1723 2041 malla
1745 1922 1875 2020 ferri.
1905 1925 1950 2025 ii.
1976 1923 2060 2021 de·

423 2066 426 2073 ’
541 2048 723 2143 narios.
783 2046 935 2144 DeC.
967 2044 1141 2140 schrot.
1171 2044 1215 2166 ij.
1244 2036 1488 2155 denarios.
1521 2042 1602 2140 De
1626 2042 1878 2139 hummvlo
1911 2072 2061 2169 quan·
2143 2076 2147 2083 ·

540 2183 756 2261 tumcum
794 2196 856 2258 ue
909 2193 1035 2260 vnus
1088 2163 1162 2257 vir
1199 2173 1401 2286 portare
1480 2160 1613 2257 otest
1654 2162 1765 2283 iiij⁰¹·
1821 2156 2062 2257 denarios.

539 2285 623 2379 De
665 2196 819 2409 peplo
845 2282 995 2378 lirico.
1035 2282 1064 2377 i.
1096 2278 1369 2377 denarium.
1485 2309 1513 2373 e
1543 2312 1622 2377 xv.
1651 2309 1717 2406 pe
1753 2280 1814 2375 lis
1847 2276 2003 2375 lineis.
2034 2280 2064 2380 i.

541 2402 809 2498 denarium.
869 2401 968 2494 De.
993 2394 1045 2493 C.
1074 2397 1286 2494 loesche.
1318 2396 1380 2491 vi.
1413 2394 1658 2494 denarios.
1711 2314 1794 2495 Be
1816 2394 1868 2493 C.
1900 2397 2063 2494 caleis.

541 2524 603 2618 vi.
625 2517 869 2614 denarios.
919 2518 1003 2610 De
1029 2517 1168 2611 esoce
1200 2516 1409 2637 integro.
1431 2516 1527 2637 viij.
1554 2514 1799 2614 denarios.
1841 2517 1925 2613 De
1947 2516 2063 2611 hav·

412 2650 415 2655 ’
541 2640 833 2761 seuwampe.
862 2636 943 2730 iii'.
975 2630 1219 2729 denarios.
1270 2630 1354 2723 De
1378 2629 1431 2725 C.
1463 2633 1922 2757 carphonibusllue
1951 2636 2065 2732 toti·

330 2789 337 2801 ’
401 2848 406 2858 ,
542 2753 658 2849 dem
697 2753 868 2848 luceis-
896 2668 990 2846 llue
1030 2749 1121 2844 lmt
1159 2748 1328 2889 magni
1368 2761 1453 2851 aut
1503 2753 1657 2875 parui.
1706 2756 1770 2850 vi.
1821 2751 2067 2849 denarios.

542 2872 626 2967 De
667 2900 875 2965 numero
920 2867 1148 2964 allecium
1191 2895 1277 2992 qur
1326 2862 1504 2962 dicitur
1554 2867 1653 2964 last.
1705 2872 1771 2967 xl.
1815 2868 2060 2969 denarios.

341 3015 348 3027 ·
393 3083 397 3092 ,
542 2992 669 3087 Item
711 2983 773 3085 de
819 2986 873 3083 C.
909 2982 1263 3084 Ziechlluchel
1318 2987 1382 3081 vi.
1431 2980 1677 3086 denarios.
1735 2988 1820 3084 Dc
1862 3000 2059 3086 centum

531 3124 631 3236 pet
671 3105 906 3203 Ziechen.
945 3105 1027 3200 xii.
1071 3101 1316 3198 denarios.
1370 3101 1461 3198 ¹De
1502 3134 1673 3230 panno
1704 3107 1885 3204 Zilicio
1927 3103 2063 3234 quod

544 3227 723 3323 dicitur
751 3223 1020 3319 schamblat
1049 3222 1096 3321 ii.
1119 3220 1373 3318 denarios.
1423 3220 1519 3316 De.
1553 3237 1764 3320 centum.
1795 3225 1929 3326 uluis
1961 3224 2061 3320 cili·

543 3345 620 3441 cei
650 3344 815 3474 panni.
844 3345 908 3436 vi.
939 3341 1185 3435 denarios.
1245 3337 1343 3433 De.
1376 3333 1428 3434 C.
1459 3340 1762 3465 pevteltich.
1801 3343 1882 3438 xii.
1913 3340 2063 3438 dena·

542 3464 628 3558 ria.
681 3462 765 3554 Dc
800 3460 849 3555 la
885 3459 967 3555 ide
990 3456 1249 3569 rinderhar
1280 3454 1497 3550 obulum.
1550 3457 1634 3554 De
1657 3459 1794 3555 mille
1815 3459 2001 3588 pentel.
2030 3461 2062 3555 i.

543 3580 813 3677 denarium.
920 3577 1149 3698 cxxiiiju·
1190 3573 1420 3700 peluibus
1455 3573 1592 3700 quod
1623 3573 1800 3672 dicitur
1829 3579 1962 3706 span.
1993 3577 2060 3675 vi.

544 3697 789 3795 denarios.
840 3697 924 3794 De
945 3693 1112 3836 lapide
1135 3693 1324 3788 molari
1345 3693 1375 3784 i.
1398 3691 1666 3790 denarium.
1717 3697 1800 3791 De
1822 3691 2062 3793 molendi·

544 3848 612 3912 no
643 3818 747 3910 inte
783 3845 852 3911 ro.
884 3817 1028 3934 xxiiu.
1061 3810 1305 3906 denarios.
1336 3809 1434 3905 De.
1463 3807 1514 3905 C.
1547 3811 1820 3937 capisteriis.
1850 3814 1880 3910 i.
1915 3811 2063 3910 dena·

542 3938 684 4030 rium.
794 3966 835 4028 e.
868 3931 919 4027 C.
951 3933 1099 4026 viltis.
1130 3931 1174 4050 ij.
1206 3925 1451 4025 denarios.
1504 3929 1602 4023 De.
1634 3928 1686 4026 C.
1720 3932 1940 4058 corrigiis
1964 3931 2063 4060 gla·

547 4052 741 4146 diorum
771 4048 952 4146 vezzel.
992 4050 1054 4144 vi.
1087 4047 1332 4143 denarios.
1392 4047 1476 4142 De
1519 4046 1721 4144 carrada
1759 4047 2063 4146 havendach.

549 4167 763 4265 obulum.
815 4168 1099 4294 ¹De-magna
1119 4163 1221 4262 olla
1268 4161 1824 4291 uediciturprevhaven
1848 4168 2061 4274 obulum.
2161 4279 2165 4286 ‚

547 4284 631 4381 De
690 4285 881 4381 talento
922 4315 1184 4410 paruarum
1225 4195 1446 4415 ollarum.
1486 4286 1533 4379 ii.
1576 4281 1820 4383 denarios.
1879 4285 1977 4380 De.
2008 4281 2061 4379 C.

545 4400 680 4530 tegcl
722 4403 774 4497 in
806 4403 982 4531 quibus
1013 4418 1269 4530 argentum
1298 4401 1335 4495 li
1374 4399 1502 4496 uelit.
1532 4401 1595 4498 vi.
1628 4401 1871 4515 denarios.
1936 4404 2060 4498 Item

348 4499 352 4506 ¹
518 4519 582 4614 u
623 4519 800 4646 aliquis
843 4520 979 4619 dveit
1016 4521 1152 4648 ligna
1229 4550 1289 4614 ue
1366 4521 1511 4615 mitur
1548 4519 1649 4616 wit.
1681 4523 1764 4617 uel
1795 4522 1967 4617 allercs
2009 4523 2062 4614 in

546 4635 771 4734 Nauibus
823 4639 1002 4765 absque
1045 4640 1178 4734 vloz.
1248 4669 1275 4732 e
1317 4636 1518 4734 carrada
1559 4636 1804 4765 lignorrun
1845 4635 2059 4736 obulum.

549 4754 647 4853 De.
679 4754 731 4853 C.
763 4755 1003 4902 alleribus.
1043 4757 1073 4854 i.
1105 4753 1372 4853 denarium.
1432 4757 1517 4854 De
1556 4789 1660 4892 vuo
1690 4759 1843 4866 Saum
1883 4755 2062 4854 lorber.

1817 4877 1995 5000 muror-
