4717 6050
652 399 1517 558 ‚tarseorrfru‘r'nvq
1698 449 1772 524 ro

300 599 916 747 'nec'tilium'ass'rslentia
950 631 1174 728 'forsaffir
1201 620 1436 726 'fulcitur‘
1463 621 1630 725 datum
1665 617 1825 758 'nego'-

302 758 428 850 tium
459 752 720 852 confundit
751 766 804 846 et
835 752 882 844 se
913 749 1068 875 ipsum
1103 749 1331 845 derisroni
1365 747 1516 877 dedit.
1583 743 1685 842 Sed
1710 763 1826 857 'tum

306 869 725 1013 polica'papa'dc
759 865 958 963 consrlio
989 867 1220 984 fratrum„
1250 898 1340 992 per
1376 864 1590 960 edictum
1621 864 1823 959 solenne

306 1021 359 1084 rn
389 986 703 1086 dedicatione
734 987 885 1080 sancti
919 984 1055 1084 Petri
1086 985 1138 1077 in
1173 984 1330 1080 valuit
1357 981 1579 1096 eiusdem
1612 982 1825 1077 ecclesiae

212 1195 218 1207 r
298 1104 509 1204 ,citando
552 1099 1021 1230 episcopum'Rudi
1058 1131 1195 1196 erum
1252 1102 1515 1239 negbciuin
1550 1098 1824 1215 reuelault
1976 1128 1979 1134 ’

308 1224 409 1346 Qui
441 1219 638 1348 quidem
672 1220 957 1350 episcopus,
1042 1249 1124 1312 um
1157 1221 1210 1311 in
1241 1214 1581 1329 termrno<³s1bi
1620 1212 1822 1340 prasino

160 1399 166 1422 ·
305 1343 506 1464 minime
543 1353 877 1464 compareret,
908 1337 1163 1462 paulisper
1200 1347 1519 1460 expectatus,
1570 1333 1622 1425 in
1643 1323 1823 1454 ‘publi-

305 1483 363 1551 co
398 1453 668 1556 consistorio
701 1453 818 1548 dum
851 1452 1031 1576 Papae,
1092 1482 1258 1545 coram
1295 1452 1461 1545 multis
1502 1449 1822 1573 archiepisco·

301 1575 381 1694 pis
413 1584 464 1666 et
499 1572 766 1698 episcopis,
821 1583 872 1663 et
915 1569 1011 1662 alia
1053 1567 1368 1663 multitudine
1388 1567 1711 1682 »clericorum
1753 1565 1852 1660 ser

303 1686 432 1782 dens
455 1687 527 1782 ad
556 1686 935 1812 pedes-domini
966 1691 1136 1814 papae,
1185 1683 1363 1782 Petrus
1388 1682 1687 1802 ,Albanents
1720 1685 1825 1808 epi·

305 1805 481 1929 scopus*
518 1775 642 2016 (pai,
668 1805 1014 2015 tunelpr'lmus
1058 1817 1164 1898 erat
1207 1805 1549 1931 episcoporum
1588 1799 1824 1894 Cardine·
1974 1903 1985 1919 ,

162 1971 164 1976 v
285 1920 443 2042 lium)
462 1921 553 2022 ‘ccl
576 1920 813 2015 ationem>
851 1923 973 2033 ecit,
1006 1927 1116 2014 cum
1151 1921 1370 2013 themate
1408 1921 1477 2010 sui
1509 1915 1744 2011 sermonis
1770 1931 1824 2012 et

47 2811 52 2827 .
146 2785 205 2835 A·
300 2747 635 2864 acceptatum,
673 2741 725 2834 in

282 2035 567 2136 sententiae.
620 2037 795 2132 'Homo
828 2068 937 2132 cum
969 2037 1246 2150 inhonore
1278 2035 1394 2130 esset
1431 2061 1536 2127 non
1574 2032 1824 2128 intellexit

300 2169 392 2248 etc.
425 2156 638 2250 eundem
674 2153 954 2281 episcopum
992 2153 1110 2246 licet
1141 2150 1388 2245 absentem
1428 2150 1528 2244 xiii.
1567 2147 1835 2245 Kalendae

296 2267 465 2392 Martii
496 2271 795 2396 solenniter,
859 2269 921 2364 ab
958 2271 1095 2365 omni
1130 2268 1294 2364 officio
1320 2265 1624 2479 pontificalis
1664 2263 1868 2392 digni·
2045 2287 2070 2341 ’-
2155 2224 2173 2359 ⁴.

298 2389 415 2479 tatis
448 2401 498 2479 ct
525 2389 904 2528 presbyteratu,
936 2418 992 2482 ac
1030 2386 1260 2481 omnibus
1292 2386 1400 2502 aiis
1431 2381 1687 2480 ordinibus
1747 2412 1820 2478 er·

125 2531 127 2534 ’
182 2593 191 2618 ,Ι
297 2515 452 2714 petuo
483 2499 736 2628 deposurt,
768 2520 820 2601 et
851 2507 961 2630 quic
998 2504 1084 2599 uid
1113 2532 1209 2631 per.
1236 2533 1349 2598 eum
1381 2500 1611 2598 omnibus
1643 2499 1725 2595 die
1762 2530 1821 2597 us

262 2638 265 2646 ’
318 2619 393 2712 uis
425 2619 475 2712 in
511 2621 711 2716 ecclesa
742 2621 980 2718 Patauien
1001 2654 1013 2714 ι
1034 2624 1098 2714 'in
1131 2623 1239 2715 eius
1273 2618 1616 2744 praeiudicium
1658 2616 1821 2713 fuerat

760 2743 785 2834 s
815 2737 1090 2834 iritualibus
1126 2752 1178 2830 et
1220 2735 1577 2864 temporalibus
1622 2736 1675 2828 in
1714 2735 1817 2829 irri-

296 2869 401 2949 tum
436 2858 704 2966 reuocauit.
763 2771 830 2952 dt
858 2858 974 2981 quia
999 2854 1242 2970 'Albertue
1273 2852 1490 2948 decanus
1520 2850 1650 2946 solus
1687 2866 1816 2969 erat,

183 3092 189 3101 ἢ
297 2972 379 3096 qui
412 2969 620 3066 eandem
653 2975 860 3069 caussam
887 2969 1304 3112 prosequebatur,
1349 2969 1496 3098 solus
1536 2970 1640 3109 ipse
1679 2969 1818 3063 iuxta

279 3112 486 3181 'morem
521 3082 681 3183 Curiae
712 3124 805 3213 pro
849 3090 1091 3183 sensenna
1133 3087 1198 3181 ad
1235 3089 1393 3213 pedes
1438 3086 1630 3182 dommi
1672 3118 1817 3296 papae

298 3204 459 3295 venit·
527 3202 730 3295 Deinde
781 3204 979 3297 villtatis
1028 3216 1127 3326 per'
1165 3203 1429 3297 Decanum
1470 3202 1684 3315 Cardine
1705 3203 1817 3301 ibus

298 3312 529 3431 uniuersis
577 3316 861 3443 'prouisrone
906 3315 1120 3416 ecclesiae
1165 3315 1229 3411 de
1268 3318 1437 3413 futuro
1471 3319 1718 3442 ‘pontifice
1764 3324 1818 3414 in

299 3432 581 3560 episcopum
618 3435 957 3535 Patauiensem
991 3448 1044 3528 et
1071 3430 1312 3558 pastorem
1359 3465 1389 3528 a
1432 3430 1637 3528 domino
1677 3434 1817 3560 Papa
1878 3537 1882 3547 ,

45 3575 48 3606 ·
186 3628 188 3631 .
259 3566 348 3651 ,et
388 3545 731 3651 Cardinalibus
781 3550 1030 3677 publicam
1073 3546 1376 3646 audientiam
1415 3547 1618 3645 domino
1660 3550 1814 3646 Petro

295 3658 560 3773 Albanensr
592 3669 827 3795 episcopo
856 3698 948 3795 per
975 3668 1325 3763 Alemanniam
1368 3666 1648 3794 apostolicae
1686 3668 1819 3764 sedis
1884 3688 1889 3697 '

294 3782 463 3911 legato
495 3788 779 3909 impetrauit
810 3788 1064 3882 committi.
1386 3818 1396 3841 ·

304 4010 306 4016 ,
372 4010 374 4014 ,
412 3902 714 4000 Bettholdus
753 3934 920 4041 pomer
951 3902 1104 3999 frater
1135 3898 1355 3998 Gotbidi
1376 3902 1570 3998 comitis
1600 3898 1666 3997 de
1687 3902 1811 4118 Syp-

295 4023 486 4234 marinp
528 4020 650 4114 alias
706 4022 1000 4146 ngenbaim
1022 4020 1396 4117 ¹Vicedominu's
1440 4018 1812 4145 Ratisponenrs

295 4139 356 4235 ad
391 4140 441 4233 in
479 4139 661 4233 antiam
692 4136 820 4262 saepe
851 4137 972 4232 dicti
997 4122 1197 4235 'Alberti
1229 4137 1407 4235 decani
1438 4137 1665 4279 Mengati
1686 4171 1811 4265 prae·
1898 4220 1901 4224 .
2076 4171 2079 4180 ¹

295 4256 436 4383 positi
464 4288 521 4349 ac
555 4252 844 4381 Wolfgangi
880 4254 943 4349 de
978 4252 1251 4380 Morspach
1295 4256 1534 4351 Canonrcr
1575 4286 1674 4351 ram
1711 4261 1810 4355 ele·
1959 4313 1963 4319 ·

298 4376 464 4467 ctione
493 4371 800 4487 sanctissima,
833 4386 884 4465 et
914 4372 1153 4466 canonica
1175 4372 1412 4469 diuinitus
1436 4372 1810 4475 celebratax‘vii.

298 4486 543 4585 Calendas
584 4486 691 4608 lulij
725 4489 778 4582 in
807 4486 888 4583 die
919 4488 1021 4584 Viti
1062 4490 1287 4585 martiris.
1357 4490 1521 4587 citato
1595 4494 1696 4588 rius
1737 4496 1810 4608 so·
1954 4496 1960 4527 ¹

190 4641 194 4649 ·
293 4604 509 4701 leoniter
540 4636 594 4700 ca
631 4604 755 4700 itulo
786 4603 1058 4701 Patauiensi
1091 4604 1154 4699 ad
1179 4604 1421 4703 Leodium
1445 4639 1535 4732 per
1553 4523 1809 4706 dominum

291 4720 493 4821 Petrum
524 4636 855 4823 bibonensem
884 4720 948 4820 ad
988 4722 1253 4821 concilium
1288 4756 1381 4853 per
1419 4724 1808 4938 eundemtlegt·
