<?xml version="1.0" encoding="UTF-8"?>
<!DOCTYPE html PUBLIC "-//W3C//DTD XHTML 1.0 Transitional//EN"
    "http://www.w3.org/TR/xhtml1/DTD/xhtml1-transitional.dtd">
<html xmlns="http://www.w3.org/1999/xhtml" xml:lang="en" lang="en">
 <head>
  <title>
</title>
<meta http-equiv="Content-Type" content="text/html;charset=utf-8" />
  <meta name='ocr-system' content='tesseract 3.04.00' />
  <meta name='ocr-capabilities' content='ocr_page ocr_carea ocr_par ocr_line ocrx_word'/>
</head>
<body>
  <div class='ocr_page' id='page_1' title='image "./rerumavstriacar00raucgoog_0505.png"; bbox 0 0 4717 6050; ppageno 0'>
   <div class='ocr_carea' id='block_1_1' title="bbox 682 347 1837 468">
    <p class='ocr_par' dir='ltr' id='par_1_1' title="bbox 682 347 1837 468">
     <span class='ocr_line' id='line_1_1' title="bbox 682 347 1837 468; baseline -0.001 -33"><span class='ocrx_word' id='word_1_1' title='bbox 682 353 810 468; x_wconf 40' lang='grc' dir='ltr'><strong>,μ’</strong></span> <span class='ocrx_word' id='word_1_2' title='bbox 1071 354 1147 436; x_wconf 80' lang='lat' dir='ltr'><strong>vr</strong></span> <span class='ocrx_word' id='word_1_3' title='bbox 1206 347 1837 436; x_wconf 20' lang='lat' dir='ltr'><strong>scuuwrrovrnr</strong></span> 
     </span>
    </p>
   </div>
   <div class='ocr_carea' id='block_1_2' title="bbox 508 553 2150 4879">
    <p class='ocr_par' dir='ltr' id='par_1_2' title="bbox 508 553 2129 1740">
     <span class='ocr_line' id='line_1_2' title="bbox 687 553 2124 768; baseline 0 -110"><span class='ocrx_word' id='word_1_4' title='bbox 687 557 950 658; x_wconf 81' lang='lat' dir='ltr'><strong>secundum</strong></span> <span class='ocrx_word' id='word_1_5' title='bbox 971 558 1097 654; x_wconf 85' lang='lat' dir='ltr'><strong>alios</strong></span> <span class='ocrx_word' id='word_1_6' title='bbox 1118 557 1359 678; x_wconf 84' lang='lat' dir='ltr'><strong>annisvij.·</strong></span> <span class='ocrx_word' id='word_1_7' title='bbox 1374 553 1617 652; x_wconf 75' lang='lat' dir='ltr'><strong>mantuus</strong></span> <span class='ocrx_word' id='word_1_8' title='bbox 1638 555 1711 768; x_wconf 43' lang='lat' dir='ltr'><strong>iij?</strong></span> <span class='ocrx_word' id='word_1_9' title='bbox 1740 555 1807 652; x_wconf 88' lang='lat' dir='ltr'><strong>Et</strong></span> <span class='ocrx_word' id='word_1_10' title='bbox 1826 583 1953 654; x_wconf 86' lang='lat' dir='ltr'><strong>anno</strong></span> <span class='ocrx_word' id='word_1_11' title='bbox 1977 556 2124 674; x_wconf 79' lang='lat' dir='ltr'><strong>donini</strong></span> 
     </span>
     <span class='ocr_line' id='line_1_3' title="bbox 723 674 2125 804; baseline 0.004 -29"><span class='ocrx_word' id='word_1_12' title='bbox 723 679 868 800; x_wconf 86' lang='lat' dir='ltr'><strong>CCiij.</strong></span> <span class='ocrx_word' id='word_1_13' title='bbox 957 676 1053 773; x_wconf 91' lang='lat' dir='ltr'><strong>Hic</strong></span> <span class='ocrx_word' id='word_1_14' title='bbox 1076 707 1105 770; x_wconf 90' lang='lat' dir='ltr'><strong>a</strong></span> <span class='ocrx_word' id='word_1_15' title='bbox 1125 674 1379 771; x_wconf 84' lang='lat' dir='ltr'><strong>Friderico</strong></span> <span class='ocrx_word' id='word_1_16' title='bbox 1392 675 1436 795; x_wconf 87' lang='lat' dir='ltr'><strong>ij.</strong></span> <span class='ocrx_word' id='word_1_17' title='bbox 1458 674 1661 770; x_wconf 86' lang='lat' dir='ltr'><strong>Henrici</strong></span> <span class='ocrx_word' id='word_1_18' title='bbox 1707 676 1988 801; x_wconf 87' lang='lat' dir='ltr'><strong>mperatoris</strong></span> <span class='ocrx_word' id='word_1_19' title='bbox 2007 677 2125 804; x_wconf 83' lang='lat' dir='ltr'><strong>lilius,</strong></span> 
     </span>
     <span class='ocr_line' id='line_1_4' title="bbox 661 790 2127 922; baseline -0.001 -27"><span class='ocrx_word' id='word_1_20' title='bbox 661 827 822 922; x_wconf 88' lang='lat' dir='ltr'><strong>nepos</strong></span> <span class='ocrx_word' id='word_1_21' title='bbox 873 794 1019 920; x_wconf 88' lang='lat' dir='ltr'><strong>primi</strong></span> <span class='ocrx_word' id='word_1_22' title='bbox 1064 791 1303 889; x_wconf 81' lang='lat' dir='ltr'><strong>Frideri&#39;ci</strong></span> <span class='ocrx_word' id='word_1_23' title='bbox 1365 807 1417 888; x_wconf 88' lang='lat' dir='ltr'><strong>et</strong></span> <span class='ocrx_word' id='word_1_24' title='bbox 1455 821 1545 886; x_wconf 83' lang='lat' dir='ltr'><strong>rex</strong></span> <span class='ocrx_word' id='word_1_25' title='bbox 1585 791 1922 887; x_wconf 85' lang='lat' dir='ltr'><strong>Romanorum</strong></span> <span class='ocrx_word' id='word_1_26' title='bbox 1954 790 2127 918; x_wconf 88' lang='lat' dir='ltr'><strong>Sicilia,</strong></span> 
     </span>
     <span class='ocr_line' id='line_1_5' title="bbox 661 905 2125 1042; baseline -0.001 -30"><span class='ocrx_word' id='word_1_27' title='bbox 661 915 860 1042; x_wconf 87' lang='lat' dir='ltr'><strong>Apuliae</strong></span> <span class='ocrx_word' id='word_1_28' title='bbox 881 911 982 1007; x_wconf 87' lang='lat' dir='ltr'><strong>dux</strong></span> <span class='ocrx_word' id='word_1_29' title='bbox 1003 909 1244 1007; x_wconf 69' lang='lat' dir='ltr'><strong>Calabriae</strong></span> <span class='ocrx_word' id='word_1_30' title='bbox 1266 922 1318 1004; x_wconf 89' lang='lat' dir='ltr'><strong>et</strong></span> <span class='ocrx_word' id='word_1_31' title='bbox 1335 905 1531 1030; x_wconf 83' lang='lat' dir='ltr'><strong>Sueuiae</strong></span> <span class='ocrx_word' id='word_1_32' title='bbox 1553 909 1643 1030; x_wconf 83' lang='lat' dir='ltr'><strong>(ita</strong></span> <span class='ocrx_word' id='word_1_33' title='bbox 1662 911 1834 1031; x_wconf 73' lang='lat' dir='ltr'><strong>Codex)</strong></span> <span class='ocrx_word' id='word_1_34' title='bbox 1854 909 1950 1004; x_wconf 86' lang='lat' dir='ltr'><strong>tale</strong></span> <span class='ocrx_word' id='word_1_35' title='bbox 2002 915 2125 1025; x_wconf 65' lang='lat' dir='ltr'><strong>riuile·v</strong></span> 
     </span>
     <span class='ocr_line' id='line_1_6' title="bbox 660 942 2124 1161; baseline 0.003 -35"><span class='ocrx_word' id='word_1_36' title='bbox 660 1034 796 1161; x_wconf 87' lang='lat' dir='ltr'><strong>gium</strong></span> <span class='ocrx_word' id='word_1_37' title='bbox 836 1029 1063 1126; x_wconf 80' lang='lat' dir='ltr'><strong>obtinuit</strong></span> <span class='ocrx_word' id='word_1_38' title='bbox 1144 1024 1424 1122; x_wconf 86' lang='lat' dir='ltr'><strong>Fridericus</strong></span> <span class='ocrx_word' id='word_1_39' title='bbox 1474 1026 1716 1124; x_wconf 83' lang='lat' dir='ltr'><strong>sccundus</strong></span> <span class='ocrx_word' id='word_1_40' title='bbox 1757 1023 1925 1123; x_wconf 84' lang='lat' dir='ltr'><strong>diuina</strong></span> <span class='ocrx_word' id='word_1_41' title='bbox 1965 942 2124 1132; x_wconf 66' lang='lat' dir='ltr'><strong>duem</strong></span> 
     </span>
     <span class='ocr_line' id='line_1_7' title="bbox 663 1143 2127 1270; baseline -0.002 -24"><span class='ocrx_word' id='word_1_42' title='bbox 663 1149 926 1246; x_wconf 88' lang='lat' dir='ltr'><strong>clementia</strong></span> <span class='ocrx_word' id='word_1_43' title='bbox 961 1145 1300 1264; x_wconf 81' lang='lat' dir='ltr'><strong>Romanorum</strong></span> <span class='ocrx_word' id='word_1_44' title='bbox 1333 1173 1422 1238; x_wconf 86' lang='lat' dir='ltr'><strong>rex</strong></span> <span class='ocrx_word' id='word_1_45' title='bbox 1457 1143 1646 1270; x_wconf 77' lang='lat' dir='ltr'><strong>[emper</strong></span> <span class='ocrx_word' id='word_1_46' title='bbox 1674 1145 1756 1240; x_wconf 83' lang='lat' dir='ltr'><strong>Au</strong></span> <span class='ocrx_word' id='word_1_47' title='bbox 1825 1143 1916 1240; x_wconf 84' lang='lat' dir='ltr'><strong>llus</strong></span> <span class='ocrx_word' id='word_1_48' title='bbox 1942 1176 2022 1242; x_wconf 86' lang='lat' dir='ltr'><strong>rex</strong></span> <span class='ocrx_word' id='word_1_49' title='bbox 2039 1145 2127 1243; x_wconf 88' lang='lat' dir='ltr'><strong>Sici·</strong></span> 
     </span>
     <span class='ocr_line' id='line_1_8' title="bbox 659 1257 2128 1388; baseline -0.003 -25"><span class='ocrx_word' id='word_1_50' title='bbox 659 1269 743 1363; x_wconf 90' lang='lat' dir='ltr'><strong>liae</strong></span> <span class='ocrx_word' id='word_1_51' title='bbox 780 1280 874 1360; x_wconf 86' lang='lat' dir='ltr'><strong>etc.</strong></span> <span class='ocrx_word' id='word_1_52' title='bbox 915 1264 1059 1360; x_wconf 84' lang='lat' dir='ltr'><strong>Votis</strong></span> <span class='ocrx_word' id='word_1_53' title='bbox 1091 1259 1311 1355; x_wconf 85' lang='lat' dir='ltr'><strong>fidelium</strong></span> <span class='ocrx_word' id='word_1_54' title='bbox 1351 1257 1624 1360; x_wconf 79' lang='lat' dir='ltr'><strong>nostrorum</strong></span> <span class='ocrx_word' id='word_1_55' title='bbox 1666 1292 1770 1388; x_wconf 86' lang='lat' dir='ltr'><strong>prae</strong></span> <span class='ocrx_word' id='word_1_56' title='bbox 1790 1263 1929 1356; x_wconf 89' lang='lat' dir='ltr'><strong>ertim</strong></span> <span class='ocrx_word' id='word_1_57' title='bbox 1996 1295 2060 1358; x_wconf 86' lang='lat' dir='ltr'><strong>uae</strong></span> <span class='ocrx_word' id='word_1_58' title='bbox 2085 1263 2128 1360; x_wconf 83' lang='lat' dir='ltr'><strong>ad</strong></span> 
     </span>
     <span class='ocr_line' id='line_1_9' title="bbox 508 1295 2128 1511; baseline -0.002 -31"><span class='ocrx_word' id='word_1_59' title='bbox 508 1506 510 1511; x_wconf 16' lang='grc' dir='ltr'>Ι</span> <span class='ocrx_word' id='word_1_60' title='bbox 662 1379 942 1480; x_wconf 80' lang='lat' dir='ltr'><strong>manifestos</strong></span> <span class='ocrx_word' id='word_1_61' title='bbox 979 1379 1287 1477; x_wconf 85' lang='lat' dir='ltr'><strong>ecclclrarum</strong></span> <span class='ocrx_word' id='word_1_62' title='bbox 1319 1379 1433 1478; x_wconf 83' lang='lat' dir='ltr'><strong>vius</strong></span> <span class='ocrx_word' id='word_1_63' title='bbox 1465 1374 1644 1474; x_wconf 82' lang='lat' dir='ltr'><strong>cedere</strong></span> <span class='ocrx_word' id='word_1_64' title='bbox 1675 1295 2017 1493; x_wconf 82' lang='lat' dir='ltr'><strong>videntur‚-dc</strong></span> <span class='ocrx_word' id='word_1_65' title='bbox 2044 1413 2128 1476; x_wconf 89' lang='lat' dir='ltr'><strong>con·</strong></span> 
     </span>
     <span class='ocr_line' id='line_1_10' title="bbox 663 1491 2129 1706; baseline -0.001 -112"><span class='ocrx_word' id='word_1_66' title='bbox 663 1503 798 1596; x_wconf 84' lang='lat' dir='ltr'><strong>sueta</strong></span> <span class='ocrx_word' id='word_1_67' title='bbox 840 1499 989 1624; x_wconf 84' lang='lat' dir='ltr'><strong>regiae</strong></span> <span class='ocrx_word' id='word_1_68' title='bbox 1030 1494 1288 1592; x_wconf 82' lang='lat' dir='ltr'><strong>maiestatis</strong></span> <span class='ocrx_word' id='word_1_69' title='bbox 1332 1491 1666 1590; x_wconf 85' lang='lat' dir='ltr'><strong>munificentia</strong></span> <span class='ocrx_word' id='word_1_70' title='bbox 1699 1497 1846 1706; x_wconf 77' lang='lat' dir='ltr'><strong>lpium</strong></span> <span class='ocrx_word' id='word_1_71' title='bbox 1882 1496 2056 1640; x_wconf 85' lang='lat' dir='ltr'>semper</span> <span class='ocrx_word' id='word_1_72' title='bbox 2082 1497 2129 1592; x_wconf 84' lang='lat' dir='ltr'><strong>la·</strong></span> 
     </span>
     <span class='ocr_line' id='line_1_11' title="bbox 662 1610 2129 1740; baseline -0.002 -29"><span class='ocrx_word' id='word_1_73' title='bbox 662 1647 836 1713; x_wconf 88' lang='lat' dir='ltr'><strong>uorem</strong></span> <span class='ocrx_word' id='word_1_74' title='bbox 858 1615 1088 1709; x_wconf 89' lang='lat' dir='ltr'><strong>volumus</strong></span> <span class='ocrx_word' id='word_1_75' title='bbox 1105 1610 1395 1728; x_wconf 86' lang='lat' dir='ltr'><strong>intendere,</strong></span> <span class='ocrx_word' id='word_1_76' title='bbox 1424 1612 1676 1740; x_wconf 84' lang='lat' dir='ltr'><strong>praesentis</strong></span> <span class='ocrx_word' id='word_1_77' title='bbox 1719 1615 1863 1738; x_wconf 86' lang='lat' dir='ltr'><strong>cripti</strong></span> <span class='ocrx_word' id='word_1_78' title='bbox 1884 1611 2129 1726; x_wconf 76' lang='lat' dir='ltr'><strong>certitudine</strong></span> 
     </span>
    </p>

    <p class='ocr_par' dir='ltr' id='par_1_3' title="bbox 588 1727 2150 4879">
     <span class='ocr_line' id='line_1_12' title="bbox 664 1727 2130 1858; baseline -0.006 -28"><span class='ocrx_word' id='word_1_79' title='bbox 664 1733 727 1830; x_wconf 93' lang='lat' dir='ltr'><strong>ad</strong></span> <span class='ocrx_word' id='word_1_80' title='bbox 754 1734 981 1828; x_wconf 83' lang='lat' dir='ltr'>notitiam</span> <span class='ocrx_word' id='word_1_81' title='bbox 1005 1731 1378 1858; x_wconf 84' lang='lat' dir='ltr'><strong>praesentisaeui</strong></span> <span class='ocrx_word' id='word_1_82' title='bbox 1409 1753 1467 1826; x_wconf 87' lang='lat' dir='ltr'><strong>vs</strong></span> <span class='ocrx_word' id='word_1_83' title='bbox 1503 1759 1566 1824; x_wconf 91' lang='lat' dir='ltr'><strong>ue</strong></span> <span class='ocrx_word' id='word_1_84' title='bbox 1589 1727 1652 1825; x_wconf 89' lang='lat' dir='ltr'><strong>ad</strong></span> <span class='ocrx_word' id='word_1_85' title='bbox 1680 1733 1965 1829; x_wconf 85' lang='lat' dir='ltr'><strong>memoriam</strong></span> <span class='ocrx_word' id='word_1_86' title='bbox 1993 1729 2130 1825; x_wconf 85' lang='lat' dir='ltr'><strong>lutura</strong></span> 
     </span>
     <span class='ocr_line' id='line_1_13' title="bbox 663 1761 2133 1978; baseline -0.004 -33"><span class='ocrx_word' id='word_1_87' title='bbox 663 1849 957 1978; x_wconf 81' lang='lat' dir='ltr'><strong>posteritatis</strong></span> <span class='ocrx_word' id='word_1_88' title='bbox 979 1851 1209 1946; x_wconf 88' lang='lat' dir='ltr'><strong>volumus</strong></span> <span class='ocrx_word' id='word_1_89' title='bbox 1231 1849 1414 1945; x_wconf 80' lang='lat' dir='ltr'><strong>venire&#39;</strong></span> <span class='ocrx_word' id='word_1_90' title='bbox 1455 1761 1696 1969; x_wconf 52' lang='lat' dir='ltr'><strong>&amp;nadad</strong></span> <span class='ocrx_word' id='word_1_91' title='bbox 1720 1847 1989 1944; x_wconf 82' lang='lat' dir='ltr'><strong>instantiam</strong></span> <span class='ocrx_word' id='word_1_92' title='bbox 2012 1862 2056 1943; x_wconf 90' lang='lat' dir='ltr'><strong>et</strong></span> <span class='ocrx_word' id='word_1_93' title='bbox 2074 1845 2133 1940; x_wconf 90' lang='lat' dir='ltr'><strong>ob·</strong></span> 
     </span>
     <span class='ocr_line' id='line_1_14' title="bbox 662 1959 2134 2093; baseline -0.006 -30"><span class='ocrx_word' id='word_1_94' title='bbox 662 1970 806 2063; x_wconf 84' lang='lat' dir='ltr'><strong>nixas</strong></span> <span class='ocrx_word' id='word_1_95' title='bbox 871 1996 1011 2062; x_wconf 90' lang='lat' dir='ltr'><strong>reces</strong></span> <span class='ocrx_word' id='word_1_96' title='bbox 1058 1964 1227 2062; x_wconf 89' lang='lat' dir='ltr'><strong>dilecti</strong></span> <span class='ocrx_word' id='word_1_97' title='bbox 1259 1965 1496 2093; x_wconf 89' lang='lat' dir='ltr'><strong>principis</strong></span> <span class='ocrx_word' id='word_1_98' title='bbox 1532 1961 1689 2059; x_wconf 83' lang='lat' dir='ltr'><strong>fidelis</strong></span> <span class='ocrx_word' id='word_1_99' title='bbox 1719 1965 1874 2061; x_wconf 80' lang='lat' dir='ltr'><strong>nostri</strong></span> <span class='ocrx_word' id='word_1_100' title='bbox 1902 1965 2045 2060; x_wconf 86' lang='lat' dir='ltr'><strong>Vlrici</strong></span> <span class='ocrx_word' id='word_1_101' title='bbox 2069 1959 2134 2056; x_wconf 85' lang='lat' dir='ltr'><strong>Pa·</strong></span> 
     </span>
     <span class='ocr_line' id='line_1_15' title="bbox 663 1997 2133 2218; baseline -0.007 -38"><span class='ocrx_word' id='word_1_102' title='bbox 663 1997 891 2180; x_wconf 68' lang='lat' dir='ltr'><strong>tauiends</strong></span> <span class='ocrx_word' id='word_1_103' title='bbox 927 2081 1170 2213; x_wconf 81' lang='lat' dir='ltr'>episcopi,</span> <span class='ocrx_word' id='word_1_104' title='bbox 1202 2114 1349 2211; x_wconf 92' lang='lat' dir='ltr'><strong>quem</strong></span> <span class='ocrx_word' id='word_1_105' title='bbox 1384 2084 1509 2178; x_wconf 89' lang='lat' dir='ltr'><strong>etin</strong></span> <span class='ocrx_word' id='word_1_106' title='bbox 1532 2081 1773 2218; x_wconf 77' lang='lat' dir='ltr'><strong>obsequiis</strong></span> <span class='ocrx_word' id='word_1_107' title='bbox 1798 2083 1968 2178; x_wconf 81' lang='lat' dir='ltr'><strong>nostris</strong></span> <span class='ocrx_word' id='word_1_108' title='bbox 1999 2097 2044 2177; x_wconf 89' lang='lat' dir='ltr'><strong>et</strong></span> <span class='ocrx_word' id='word_1_109' title='bbox 2070 2080 2133 2174; x_wconf 90' lang='lat' dir='ltr'><strong>ln·</strong></span> 
     </span>
     <span class='ocr_line' id='line_1_16' title="bbox 664 2195 2135 2414; baseline -0.005 -118"><span class='ocrx_word' id='word_1_110' title='bbox 664 2202 786 2414; x_wconf 63' lang='lat' dir='ltr'><strong>gerii</strong></span> <span class='ocrx_word' id='word_1_111' title='bbox 828 2199 1113 2297; x_wconf 89' lang='lat' dir='ltr'><strong>iamdudum</strong></span> <span class='ocrx_word' id='word_1_112' title='bbox 1166 2232 1272 2297; x_wconf 88' lang='lat' dir='ltr'><strong>nun</strong></span> <span class='ocrx_word' id='word_1_113' title='bbox 1311 2196 1656 2302; x_wconf 84' lang='lat' dir='ltr'><strong>tantummodo</strong></span> <span class='ocrx_word' id='word_1_114' title='bbox 1702 2203 1979 2294; x_wconf 86' lang='lat' dir='ltr'><strong>muenimus</strong></span> <span class='ocrx_word' id='word_1_115' title='bbox 2020 2195 2135 2292; x_wconf 89' lang='lat' dir='ltr'><strong>deuo·</strong></span> 
     </span>
     <span class='ocr_line' id='line_1_17' title="bbox 688 2313 2138 2436; baseline -0.007 -22"><span class='ocrx_word' id='word_1_116' title='bbox 688 2349 796 2436; x_wconf 91' lang='lat' dir='ltr'><strong>um,</strong></span> <span class='ocrx_word' id='word_1_117' title='bbox 827 2348 998 2413; x_wconf 89' lang='lat' dir='ltr'><strong>verum</strong></span> <span class='ocrx_word' id='word_1_118' title='bbox 1031 2322 1181 2414; x_wconf 89' lang='lat' dir='ltr'><strong>etiam</strong></span> <span class='ocrx_word' id='word_1_119' title='bbox 1213 2321 1267 2414; x_wconf 92' lang='lat' dir='ltr'><strong>in</strong></span> <span class='ocrx_word' id='word_1_120' title='bbox 1300 2317 1399 2411; x_wconf 84' lang='lat' dir='ltr'><strong>suae</strong></span> <span class='ocrx_word' id='word_1_121' title='bbox 1415 2316 1678 2414; x_wconf 74' lang='lat' dir='ltr'><strong>fidelitatis</strong></span> <span class='ocrx_word' id='word_1_122' title='bbox 1711 2313 1885 2418; x_wconf 77' lang='lat' dir='ltr'><strong>fauore</strong></span> <span class='ocrx_word' id='word_1_123' title='bbox 1919 2313 2138 2426; x_wconf 82' lang='lat' dir='ltr'><strong>credimur,</strong></span> 
     </span>
     <span class='ocr_line' id='line_1_18' title="bbox 665 2430 2138 2532; baseline -0.005 -2"><span class='ocrx_word' id='word_1_124' title='bbox 665 2439 767 2530; x_wconf 86' lang='lat' dir='ltr'><strong>im&#39;o</strong></span> <span class='ocrx_word' id='word_1_125' title='bbox 799 2466 903 2531; x_wconf 92' lang='lat' dir='ltr'><strong>non</strong></span> <span class='ocrx_word' id='word_1_126' title='bbox 925 2435 1206 2531; x_wconf 84' lang='lat' dir='ltr'><strong>dubitamus</strong></span> <span class='ocrx_word' id='word_1_127' title='bbox 1238 2434 1537 2532; x_wconf 84' lang='lat' dir='ltr'><strong>constantem</strong></span> <span class='ocrx_word' id='word_1_128' title='bbox 1567 2434 1618 2528; x_wconf 90' lang='lat' dir='ltr'><strong>in</strong></span> <span class='ocrx_word' id='word_1_129' title='bbox 1642 2448 1818 2528; x_wconf 87' lang='lat' dir='ltr'><strong>antea</strong></span> <span class='ocrx_word' id='word_1_130' title='bbox 1853 2430 2138 2531; x_wconf 81' lang='lat' dir='ltr'><strong>ermansurun</strong></span> 
     </span>
     <span class='ocr_line' id='line_1_19' title="bbox 665 2465 2139 2681; baseline -0.007 -34"><span class='ocrx_word' id='word_1_131' title='bbox 665 2546 729 2647; x_wconf 88' lang='lat' dir='ltr'><strong>ad</strong></span> <span class='ocrx_word' id='word_1_132' title='bbox 748 2549 1142 2681; x_wconf 85' lang='lat' dir='ltr'><strong>recognitionem</strong></span> <span class='ocrx_word' id='word_1_133' title='bbox 1162 2551 1485 2650; x_wconf 77' lang='lat' dir='ltr'><strong>laudabilium</strong></span> <span class='ocrx_word' id='word_1_134' title='bbox 1506 2552 1793 2652; x_wconf 90' lang='lat' dir='ltr'><strong>meritorum</strong></span> <span class='ocrx_word' id='word_1_135' title='bbox 1812 2465 2001 2648; x_wconf 64' lang='lat' dir='ltr'><strong>diorum</strong></span> <span class='ocrx_word' id='word_1_136' title='bbox 2021 2541 2139 2675; x_wconf 83' lang='lat' dir='ltr'><strong>quod·</strong></span> 
     </span>
     <span class='ocr_line' id='line_1_20' title="bbox 665 2666 2141 2797; baseline -0.005 -35"><span class='ocrx_word' id='word_1_137' title='bbox 665 2669 780 2764; x_wconf 89' lang='lat' dir='ltr'><strong>dam</strong></span> <span class='ocrx_word' id='word_1_138' title='bbox 830 2670 1067 2787; x_wconf 83' lang='lat' dir='ltr'><strong>feudum,·</strong></span> <span class='ocrx_word' id='word_1_139' title='bbox 1102 2670 1239 2797; x_wconf 89' lang='lat' dir='ltr'><strong>quod</strong></span> <span class='ocrx_word' id='word_1_140' title='bbox 1294 2670 1357 2764; x_wconf 90' lang='lat' dir='ltr'><strong>de</strong></span> <span class='ocrx_word' id='word_1_141' title='bbox 1402 2666 1693 2766; x_wconf 86' lang='lat' dir='ltr'><strong>concambio</strong></span> <span class='ocrx_word' id='word_1_142' title='bbox 1734 2671 2003 2794; x_wconf 86' lang='lat' dir='ltr'><strong>antiquitus</strong></span> <span class='ocrx_word' id='word_1_143' title='bbox 2046 2669 2141 2762; x_wconf 86' lang='lat' dir='ltr'><strong>inter</strong></span> 
     </span>
     <span class='ocr_line' id='line_1_21' title="bbox 666 2777 2142 2912; baseline -0.007 -31"><span class='ocrx_word' id='word_1_144' title='bbox 666 2787 931 2912; x_wconf 86' lang='lat' dir='ltr'><strong>Imperium</strong></span> <span class='ocrx_word' id='word_1_145' title='bbox 978 2803 1030 2882; x_wconf 89' lang='lat' dir='ltr'><strong>et</strong></span> <span class='ocrx_word' id='word_1_146' title='bbox 1071 2787 1421 2882; x_wconf 85' lang='lat' dir='ltr'><strong>Cathedralem</strong></span> <span class='ocrx_word' id='word_1_147' title='bbox 1462 2781 1712 2881; x_wconf 81' lang='lat' dir='ltr'><strong>ecclellam</strong></span> <span class='ocrx_word' id='word_1_148' title='bbox 1746 2785 2074 2898; x_wconf 84' lang='lat' dir='ltr'><strong>Patauienlcm</strong></span> <span class='ocrx_word' id='word_1_149' title='bbox 2099 2777 2142 2872; x_wconf 88' lang='lat' dir='ltr'><strong>de</strong></span> 
     </span>
     <span class='ocr_line' id='line_1_22' title="bbox 665 2900 2141 3030; baseline -0.005 -32"><span class='ocrx_word' id='word_1_150' title='bbox 665 2903 844 3030; x_wconf 80' lang='lat' dir='ltr'><strong>Regali</strong></span> <span class='ocrx_word' id='word_1_151' title='bbox 875 2920 994 2998; x_wconf 98' lang='grc' dir='ltr'><strong>ωηο</strong></span> <span class='ocrx_word' id='word_1_152' title='bbox 1029 2903 1277 2998; x_wconf 88' lang='lat' dir='ltr'><strong>Coenobio</strong></span> <span class='ocrx_word' id='word_1_153' title='bbox 1309 2904 1330 3024; x_wconf 89' lang='lat'><strong>(</strong></span> <span class='ocrx_word' id='word_1_154' title='bbox 1341 2903 1682 3027; x_wconf 79' lang='lat' dir='ltr'><strong>Niedembnrg)</strong></span> <span class='ocrx_word' id='word_1_155' title='bbox 1723 2900 2141 3001; x_wconf 76' lang='lat' dir='ltr'><strong>sanctimonialium</strong></span> 
     </span>
     <span class='ocr_line' id='line_1_23' title="bbox 665 3015 2142 3145; baseline -0.003 -31"><span class='ocrx_word' id='word_1_156' title='bbox 665 3023 971 3115; x_wconf 86' lang='lat' dir='ltr'><strong>intemeratae</strong></span> <span class='ocrx_word' id='word_1_157' title='bbox 1000 3019 1202 3145; x_wconf 85' lang='lat' dir='ltr'><strong>virginis</strong></span> <span class='ocrx_word' id='word_1_158' title='bbox 1232 3017 1315 3114; x_wconf 91' lang='lat' dir='ltr'><strong>dei</strong></span> <span class='ocrx_word' id='word_1_159' title='bbox 1340 3020 1591 3144; x_wconf 85' lang='lat' dir='ltr'><strong>genitricis</strong></span> <span class='ocrx_word' id='word_1_160' title='bbox 1625 3019 1756 3117; x_wconf 89' lang='lat' dir='ltr'><strong>facta</strong></span> <span class='ocrx_word' id='word_1_161' title='bbox 1788 3037 1911 3117; x_wconf 89' lang='lat' dir='ltr'><strong>tunc</strong></span> <span class='ocrx_word' id='word_1_162' title='bbox 1940 3019 2060 3118; x_wconf 84' lang='lat' dir='ltr'><strong>cellit</strong></span> <span class='ocrx_word' id='word_1_163' title='bbox 2077 3015 2142 3109; x_wconf 83' lang='lat' dir='ltr'><strong>ln</strong></span> 
     </span>
     <span class='ocr_line' id='line_1_24' title="bbox 733 3134 2146 3265; baseline -0.004 -36"><span class='ocrx_word' id='word_1_164' title='bbox 733 3136 824 3231; x_wconf 86' lang='lat' dir='ltr'><strong>rio.</strong></span> <span class='ocrx_word' id='word_1_165' title='bbox 908 3134 1059 3254; x_wconf 84' lang='lat' dir='ltr'><strong>Quod</strong></span> <span class='ocrx_word' id='word_1_166' title='bbox 1104 3135 1310 3231; x_wconf 86' lang='lat' dir='ltr'><strong>feudum</strong></span> <span class='ocrx_word' id='word_1_167' title='bbox 1351 3152 1471 3231; x_wconf 92' lang='lat' dir='ltr'><strong>tunc</strong></span> <span class='ocrx_word' id='word_1_168' title='bbox 1513 3136 1685 3233; x_wconf 87' lang='lat' dir='ltr'><strong>vexilli</strong></span> <span class='ocrx_word' id='word_1_169' title='bbox 1728 3140 1882 3265; x_wconf 82' lang='lat' dir='ltr'><strong>vulgo</strong></span> <span class='ocrx_word' id='word_1_170' title='bbox 1925 3134 2146 3235; x_wconf 86' lang='lat' dir='ltr'><strong>Vanlchen</strong></span> 
     </span>
     <span class='ocr_line' id='line_1_25' title="bbox 665 3163 2144 3466; baseline -0.004 -121"><span class='ocrx_word' id='word_1_171' title='bbox 665 3163 976 3466; x_wconf 54' lang='lat' dir='ltr'><strong>{dahmkeug</strong></span> <span class='ocrx_word' id='word_1_172' title='bbox 1011 3255 1343 3381; x_wconf 84' lang='lat' dir='ltr'><strong>appellatum,</strong></span> <span class='ocrx_word' id='word_1_173' title='bbox 1379 3248 1595 3350; x_wconf 81' lang='lat' dir='ltr'><strong>illustris·</strong></span> <span class='ocrx_word' id='word_1_174' title='bbox 1650 3254 1869 3357; x_wconf 80' lang='lat' dir='ltr'><strong>uondam</strong></span> <span class='ocrx_word' id='word_1_175' title='bbox 1918 3258 2038 3353; x_wconf 84' lang='lat' dir='ltr'><strong>Otto</strong></span> <span class='ocrx_word' id='word_1_176' title='bbox 2072 3249 2144 3344; x_wconf 84' lang='lat' dir='ltr'><strong>dux</strong></span> 
     </span>
     <span class='ocr_line' id='line_1_26' title="bbox 712 3366 2144 3502; baseline -0.005 -38"><span class='ocrx_word' id='word_1_177' title='bbox 712 3372 880 3465; x_wconf 83' lang='lat' dir='ltr'><strong>oiariae</strong></span> <span class='ocrx_word' id='word_1_178' title='bbox 914 3400 942 3463; x_wconf 91' lang='lat' dir='ltr'><strong>a</strong></span> <span class='ocrx_word' id='word_1_179' title='bbox 1014 3374 1228 3502; x_wconf 82' lang='lat' dir='ltr'><strong>Imperio</strong></span> <span class='ocrx_word' id='word_1_180' title='bbox 1266 3370 1564 3499; x_wconf 85' lang='lat' dir='ltr'><strong>dignoscitur</strong></span> <span class='ocrx_word' id='word_1_181' title='bbox 1593 3404 1622 3467; x_wconf 92' lang='lat' dir='ltr'><strong>a</strong></span> <span class='ocrx_word' id='word_1_182' title='bbox 1658 3388 1842 3475; x_wconf 83' lang='lat' dir='ltr'><strong>acutus.</strong></span> <span class='ocrx_word' id='word_1_183' title='bbox 1908 3374 2017 3473; x_wconf 90' lang='lat' dir='ltr'><strong>Hoc</strong></span> <span class='ocrx_word' id='word_1_184' title='bbox 2045 3366 2144 3465; x_wconf 89' lang='lat' dir='ltr'><strong>idem</strong></span> 
     </span>
     <span class='ocr_line' id='line_1_27' title="bbox 666 3482 2143 3615; baseline -0.002 -33"><span class='ocrx_word' id='word_1_185' title='bbox 666 3487 871 3582; x_wconf 81' lang='lat' dir='ltr'><strong>feudum</strong></span> <span class='ocrx_word' id='word_1_186' title='bbox 909 3485 1120 3583; x_wconf 86' lang='lat' dir='ltr'><strong>dilectus</strong></span> <span class='ocrx_word' id='word_1_187' title='bbox 1161 3490 1647 3615; x_wconf 79' lang='lat' dir='ltr'><strong>consanguineuset</strong></span> <span class='ocrx_word' id='word_1_188' title='bbox 1682 3488 1843 3588; x_wconf 84' lang='lat' dir='ltr'><strong>fidelis</strong></span> <span class='ocrx_word' id='word_1_189' title='bbox 1881 3489 2039 3593; x_wconf 81' lang='lat' dir='ltr'><strong>noster</strong></span> <span class='ocrx_word' id='word_1_190' title='bbox 2065 3482 2143 3579; x_wconf 86' lang='lat' dir='ltr'><strong>illu·</strong></span> 
     </span>
     <span class='ocr_line' id='line_1_28' title="bbox 666 3602 2145 3709; baseline 0.001 -10"><span class='ocrx_word' id='word_1_191' title='bbox 666 3605 768 3701; x_wconf 76' lang='lat' dir='ltr'><strong>stris</strong></span> <span class='ocrx_word' id='word_1_192' title='bbox 793 3603 1085 3700; x_wconf 79' lang='lat' dir='ltr'><strong>-Ludouicus</strong></span> <span class='ocrx_word' id='word_1_193' title='bbox 1117 3605 1374 3701; x_wconf 84' lang='lat' dir='ltr'><strong>Palatinus</strong></span> <span class='ocrx_word' id='word_1_194' title='bbox 1405 3614 1577 3701; x_wconf 84' lang='lat' dir='ltr'><strong>comes</strong></span> <span class='ocrx_word' id='word_1_195' title='bbox 1611 3608 1742 3705; x_wconf 89' lang='lat' dir='ltr'><strong>chi</strong></span> <span class='ocrx_word' id='word_1_196' title='bbox 1770 3623 1821 3705; x_wconf 92' lang='lat' dir='ltr'><strong>et</strong></span> <span class='ocrx_word' id='word_1_197' title='bbox 1846 3607 1952 3707; x_wconf 85' lang='lat' dir='ltr'><strong>dux</strong></span> <span class='ocrx_word' id='word_1_198' title='bbox 1970 3602 2145 3709; x_wconf 77' lang='lat' dir='ltr'><strong>Rotaria</strong></span> 
     </span>
     <span class='ocr_line' id='line_1_29' title="bbox 667 3720 2144 3849; baseline -0.005 -34"><span class='ocrx_word' id='word_1_199' title='bbox 667 3721 730 3815; x_wconf 89' lang='lat' dir='ltr'><strong>ad</strong></span> <span class='ocrx_word' id='word_1_200' title='bbox 771 3736 940 3847; x_wconf 78' lang='lat' dir='ltr'><strong>partes</strong></span> <span class='ocrx_word' id='word_1_201' title='bbox 966 3723 1160 3841; x_wconf 81' lang='lat' dir='ltr'><strong>nostras</strong></span> <span class='ocrx_word' id='word_1_202' title='bbox 1190 3728 1243 3819; x_wconf 91' lang='lat' dir='ltr'><strong>in</strong></span> <span class='ocrx_word' id='word_1_203' title='bbox 1273 3739 1446 3819; x_wconf 85' lang='lat' dir='ltr'><strong>manus</strong></span> <span class='ocrx_word' id='word_1_204' title='bbox 1486 3726 1637 3849; x_wconf 80' lang='lat' dir='ltr'><strong>regiae</strong></span> <span class='ocrx_word' id='word_1_205' title='bbox 1677 3724 1976 3823; x_wconf 70' lang='lat' dir='ltr'><strong>celsitudinis</strong></span> <span class='ocrx_word' id='word_1_206' title='bbox 2010 3720 2144 3819; x_wconf 86' lang='lat' dir='ltr'><strong>volun·</strong></span> 
     </span>
     <span class='ocr_line' id='line_1_30' title="bbox 665 3834 2143 3980; baseline -0.005 -49"><span class='ocrx_word' id='word_1_207' title='bbox 665 3840 790 3932; x_wconf 83' lang='lat' dir='ltr'><strong>taric</strong></span> <span class='ocrx_word' id='word_1_208' title='bbox 811 3839 918 3969; x_wconf 60' lang='lat' dir='ltr'><strong>rei</strong></span> <span class='ocrx_word' id='word_1_209' title='bbox 949 3907 955 3916; x_wconf 77' lang='lat'><em>‚</em></span> <span class='ocrx_word' id='word_1_210' title='bbox 982 3848 1103 3961; x_wconf 82' lang='lat' dir='ltr'><strong>anit.</strong></span> <span class='ocrx_word' id='word_1_211' title='bbox 1174 3842 1382 3980; x_wconf 84' lang='lat' dir='ltr'><strong>Nosque</strong></span> <span class='ocrx_word' id='word_1_212' title='bbox 1421 3841 1547 3935; x_wconf 91' lang='lat' dir='ltr'><strong>illud</strong></span> <span class='ocrx_word' id='word_1_213' title='bbox 1580 3844 1943 3941; x_wconf 84' lang='lat' dir='ltr'><strong>incontinenti</strong></span> <span class='ocrx_word' id='word_1_214' title='bbox 2009 3834 2143 3967; x_wconf 75' lang='lat' dir='ltr'><strong>relatu</strong></span> 
     </span>
     <span class='ocr_line' id='line_1_31' title="bbox 665 3862 2150 4095; baseline -0.003 -47"><span class='ocrx_word' id='word_1_215' title='bbox 665 3952 901 4095; x_wconf 74' lang='lat' dir='ltr'><strong>Vdalrico</strong></span> <span class='ocrx_word' id='word_1_216' title='bbox 922 3862 1206 4052; x_wconf 38' lang='lat' dir='ltr'><strong>&amp;stanimir</strong></span> <span class='ocrx_word' id='word_1_217' title='bbox 1237 3961 1472 4084; x_wconf 84' lang='lat' dir='ltr'><strong>eprlcopo</strong></span> <span class='ocrx_word' id='word_1_218' title='bbox 1512 3972 1563 4051; x_wconf 89' lang='lat' dir='ltr'><strong>et</strong></span> <span class='ocrx_word' id='word_1_219' title='bbox 1593 3959 1689 4054; x_wconf 83' lang='lat' dir='ltr'><strong>suae</strong></span> <span class='ocrx_word' id='word_1_220' title='bbox 1720 3960 1938 4059; x_wconf 72' lang='lat' dir='ltr'><strong>ecclesiae</strong></span> <span class='ocrx_word' id='word_1_221' title='bbox 1970 3875 2150 4065; x_wconf 54' lang='lat' dir='ltr'><strong>literni,</strong></span> 
     </span>
     <span class='ocr_line' id='line_1_32' title="bbox 588 4072 2144 4210; baseline -0.004 -47"><span class='ocrx_word' id='word_1_222' title='bbox 588 4112 600 4123; x_wconf 96' lang='lat'>·</span> <span class='ocrx_word' id='word_1_223' title='bbox 667 4087 743 4164; x_wconf 90' lang='lat' dir='ltr'><strong>ter</strong></span> <span class='ocrx_word' id='word_1_224' title='bbox 775 4072 964 4200; x_wconf 77' lang='lat' dir='ltr'><strong>dignati</strong></span> <span class='ocrx_word' id='word_1_225' title='bbox 988 4077 1148 4169; x_wconf 82' lang='lat' dir='ltr'><strong>sumus</strong></span> <span class='ocrx_word' id='word_1_226' title='bbox 1181 4072 1411 4171; x_wconf 81' lang='lat' dir='ltr'><strong>conferre</strong></span> <span class='ocrx_word' id='word_1_227' title='bbox 1441 4088 1493 4170; x_wconf 84' lang='lat' dir='ltr'><strong>et</strong></span> <span class='ocrx_word' id='word_1_228' title='bbox 1522 4076 1825 4175; x_wconf 82' lang='lat' dir='ltr'><strong>confirmare.</strong></span> <span class='ocrx_word' id='word_1_229' title='bbox 1888 4081 1995 4210; x_wconf 85' lang='lat' dir='ltr'><strong>Ipse</strong></span> <span class='ocrx_word' id='word_1_230' title='bbox 2018 4085 2144 4169; x_wconf 86' lang='lat' dir='ltr'><strong>auten</strong></span> 
     </span>
     <span class='ocr_line' id='line_1_33' title="bbox 668 4189 2145 4318; baseline -0.002 -38"><span class='ocrx_word' id='word_1_231' title='bbox 668 4190 927 4317; x_wconf 76' lang='lat' dir='ltr'><strong>episcopus</strong></span> <span class='ocrx_word' id='word_1_232' title='bbox 953 4189 1189 4287; x_wconf 86' lang='lat' dir='ltr'><strong>¹lbllicite·</strong></span> <span class='ocrx_word' id='word_1_233' title='bbox 1211 4198 1485 4318; x_wconf 77' lang='lat' dir='ltr'><strong>procurans</strong></span> <span class='ocrx_word' id='word_1_234' title='bbox 1514 4190 1725 4289; x_wconf 81' lang='lat' dir='ltr'><strong>ecclcsra&#39;e</strong></span> <span class='ocrx_word' id='word_1_235' title='bbox 1762 4198 1859 4293; x_wconf 83' lang='lat' dir='ltr'><strong>suae</strong></span> <span class='ocrx_word' id='word_1_236' title='bbox 1891 4198 2145 4292; x_wconf 61' lang='lat' dir='ltr'><strong>militatem,</strong></span> 
     </span>
     <span class='ocr_line' id='line_1_34' title="bbox 665 4305 2146 4546; baseline -0.003 -29"><span class='ocrx_word' id='word_1_237' title='bbox 665 4305 1655 4546; x_wconf 51' lang='lat' dir='ltr'><strong>illalttlulsllbllll&amp;tlt</strong></span> <span class='ocrx_word' id='word_1_238' title='bbox 1674 4314 2146 4529; x_wconf 54' lang='lat' dir='ltr'><strong>btfflrnttlt</strong></span> 
     </span>
     <span class='ocr_line' id='line_1_35' title="bbox 668 4461 2145 4671; baseline 0.003 -35"><span class='ocrx_word' id='word_1_239' title='bbox 668 4540 928 4636; x_wconf 76' lang='lat' dir='ltr'><strong>telluribus</strong></span> <span class='ocrx_word' id='word_1_240' title='bbox 960 4568 1063 4644; x_wconf 90' lang='grc' dir='ltr'><strong>ηοη</strong></span> <span class='ocrx_word' id='word_1_241' title='bbox 1094 4546 1157 4640; x_wconf 91' lang='lat' dir='ltr'><strong>ab</strong></span> <span class='ocrx_word' id='word_1_242' title='bbox 1182 4546 1402 4671; x_wconf 79' lang='lat' dir='ltr'><strong>Imperio¹</strong></span> <span class='ocrx_word' id='word_1_243' title='bbox 1427 4461 1619 4642; x_wconf 59' lang='lat' dir='ltr'><strong>ratidne</strong></span> <span class='ocrx_word' id='word_1_244' title='bbox 1693 4466 1882 4647; x_wconf 49' lang='lat' dir='ltr'><strong>adsim</strong></span> <span class='ocrx_word' id='word_1_245' title='bbox 1903 4558 2078 4647; x_wconf 76' lang='lat' dir='ltr'><strong>caetero</strong></span> <span class='ocrx_word' id='word_1_246' title='bbox 2094 4562 2145 4631; x_wconf 72' lang='lat' dir='ltr'><strong>re·</strong></span> 
     </span>
     <span class='ocr_line' id='line_1_36' title="bbox 669 4656 2147 4879; baseline 0.001 -125"><span class='ocrx_word' id='word_1_247' title='bbox 669 4656 953 4789; x_wconf 82' lang='lat' dir='ltr'><strong>cipieudum</strong></span> <span class='ocrx_word' id='word_1_248' title='bbox 973 4676 1039 4756; x_wconf 79' lang='lat' dir='ltr'><strong>et</strong></span> <span class='ocrx_word' id='word_1_249' title='bbox 1058 4662 1420 4789; x_wconf 74' lang='lat' dir='ltr'><strong>‘possidendum</strong></span> <span class='ocrx_word' id='word_1_250' title='bbox 1455 4698 1477 4746; x_wconf 72' lang='grc' dir='ltr'><strong>ι·</strong></span> <span class='ocrx_word' id='word_1_251' title='bbox 1510 4666 1578 4762; x_wconf 82' lang='lat' dir='ltr'><strong>Vt</strong></span> <span class='ocrx_word' id='word_1_252' title='bbox 1599 4664 1707 4765; x_wconf 82' lang='lat' dir='ltr'><strong>haec</strong></span> <span class='ocrx_word' id='word_1_253' title='bbox 1722 4669 1902 4794; x_wconf 44' lang='lat' dir='ltr'><strong>*itique</strong></span> <span class='ocrx_word' id='word_1_254' title='bbox 1937 4658 2065 4879; x_wconf 56' lang='grc' dir='ltr'><strong>Ἓηά</strong></span> <span class='ocrx_word' id='word_1_255' title='bbox 2085 4680 2147 4873; x_wconf 66' lang='lat' dir='ltr'><strong>gt·</strong></span> 
     </span>
     <span class='ocr_line' id='line_1_37' title="bbox 858 4806 2084 4877; baseline -0.006 2"><span class='ocrx_word' id='word_1_256' title='bbox 858 4848 863 4855; x_wconf 92' lang='lat'>-</span> <span class='ocrx_word' id='word_1_257' title='bbox 1774 4834 1785 4846; x_wconf 93' lang='lat'><em>-</em></span> <span class='ocrx_word' id='word_1_258' title='bbox 2010 4806 2084 4877; x_wconf 88' lang='lat' dir='ltr'><strong>ero</strong></span> 
     </span>
    </p>
   </div>
   <div class='ocr_carea' id='block_1_3' title="bbox 0 0 2376 6050">
    <p class='ocr_par' dir='ltr' id='par_1_4' title="bbox 0 0 2376 6050">
     <span class='ocr_line' id='line_1_38' title="bbox 0 0 2376 6050; baseline 0 0"><span class='ocrx_word' id='word_1_259' title='bbox 0 0 2376 6050; x_wconf 95' lang='lat' dir='ltr'><strong> </strong></span> 
     </span>
    </p>
   </div>
  </div>
 </body>
</html>
