4717 6050
589 439 1495 582 nrrscorrrrrau.
1678 525 1752 602 ao
1915 518 1920 530 ·

291 733 397 802 mus
428 702 828 820 retributionem,
869 702 984 801 ficut
1015 733 1076 799 ex
1109 701 1357 800 contrario
1398 705 1656 815 maleuolis
1700 699 1801 832 qui·
1974 807 1982 828 ,
2055 671 2081 696 ⁸
2241 829 2253 852 ·

286 855 484 954 cunque
516 822 578 917 de'
609 823 705 919 hoc
736 824 950 918 instituto
982 823 1171 938 nostro,
1212 822 1296 918 vel
1325 823 1378 914 in
1408 828 1548 946 peius
1588 838 1802 938 mutare,

290 943 371 1038 vel
400 941 592 1067 prorsus
624 943 840 1036 alienare
876 938 1187 1054 volentibus,
1238 971 1349 1065 quae
1380 956 1570 1053 manet,
1624 943 1804 1064 impios

290 1089 399 1154 cum
431 1055 632 1152 diabolo
646 1072 943 1184 perpetuam
965 1058 1348 1182 pronunciamus
1373 1057 1801 1172 maledictionem,

287 1173 583 1270 Huiusmodi
605 1176 772 1280 ¹causae
806 1177 1144 1298 peractionem
1178 1187 1351 1266 contra
1391 1173 1572 1267 malum
1614 1176 1804 1299 ingeni·

285 1323 395 1407 uin,
428 1307 478 1385 et
509 1292 814 1385 obliuionem
847 1288 1089 1384 diutinam
1120 1304 1171 1384 et
1201 1291 1568 1384 memorabilem
1602 1294 1801 1415 cupien-

284 1425 360 1503 tes
394 1409 613 1522 efficere,
632 1409 788 1532 ¹huius
817 1409 1012 1536 paginae
1046 1409 1402 1529 continentiam
1431 1421 1486 1500 et
1515 1408 1654 1502 scribi
1684 1407 1836 1535 secl-0

283 1556 391 1618 mus
425 1541 477 1618 et
505 1523 727 1652 scriptam
760 1539 990 1648 exparte
1023 1522 1106 1617 dei
1138 1525 1495 1647 omnipotentis
1528 1519 1589 1618 et'
1612 1525 1829 1649 apollo-,-

283 1643 446 1734 lorum
512 1644 712 1768 rincipis
743 1643 904 1755 Petri,
944 1657 1086 1736 etex
1117 1639 1275 1734 nostra
1308 1643 1599 1736 auctoritate
1630 1643 1798 1738 banno

283 1773 430 1883 atque
468 1673 605 1886 sigilli
634 1757 780 1854 nollri
812 1759 1041 1854 affixione
1082 1759 1339 1851 munimus.
1413 1757 1537 1852 Item
1581 1762 1798 1885 quoties·

45 1921 57 2010 ᾗ
139 1959 142 1964 .
282 1879 699 2014 cunqueuacnm
733 1875 945 1970 ecclesrae
977 1876 1127 1968 sancti
1157 1872 1315 1998 Egidij
1348 1875 1469 1966 alias
1510 1875 1677 1970 Sancti
1716 1881 1798 1972 Se·

278 2019 435 2085 uernu
468 1997 715 2108 eueniret,
747 1991 881 2118 quod
917 2007 1036 2084 tunc
1068 1991 1225 2113 ipsum
1252 1986 1530 2113 Capitulum
1559 1993 1668 2086 viro
1692 1990 1798 2088 ido·

278 2137 378 2201 neo
415 2111 558 2204 etad
590 2112 688 2204 hoc
719 2110 826 2203 vtili
858 2107 1083 2203 conferat
1107 2105 1330 2206 eandem.
1392 2104 1507 2224 Qua
1529 2107 1798 2204 collatione
1911 2175 1915 2184 ‹

277 2221 408 2318 facta
441 2225 713 2351 Episcopus
755 2255 847 2352 pro
889 2243 1112 2350 tempore
1157 2221 1362 2318 exiliens
1415 2221 1576 2319 officia
1628 2228 1796 2351 pontis

273 2356 326 2434 et
362 2339 618 2467 Leprouae·
641 2371 751 2436 cum
783 2343 976 2468 singulis
1011 2343 1103 2434 suis
1134 2341 1522 2466 pertinentibus,
1544 2341 1696 2436 srmul
1730 2345 1796 2440 ei·

272 2455 387 2550 dem
425 2462 731 2553 committere
765 2476 1016 2572 teneatur,
1046 2455 1374 2582 Eundemquc
1411 2457 1473 2554 ab
1497 2456 1793 2554 administra·

262 2576 409 2669 tione
449 2577 727 2670 eorundem
763 2577 1033 2671 officiorum
1085 2576 1272 2787 absque
1310 2571 1526 2699 Capituli
1559 2576 1795 2672 consensu

272 2693 473 2786 minime
512 2692 691 2787 debeat
728 2724 985 2805 amouere,
1016 2707 1102 2786 aut
1130 2705 1295 2786 vacat
1361 2694 1502 2786 uouis
1535 2691 1701 2788 modo.
1723 2746 1742 2771 ·
1772 2741 1793 2771 ·

275 2804 607 2932 Reginbertus
633 2810 896 2935 episcopus
928 2809 1051 2929 obijt
1079 2809 1166 2902 iii'..
1190 2807 1301 2903 idus
1382 2808 1645 2904 ouembris.

389 2923 702 3018 Conraduse
739 2927 933 3052 iscopus
963 2925 1086 3019 sedit
1116 2841 1157 3018 l’

271 3036 462 3155 domini
504 3042 700 3137 MCXL
747 3046 827 3137 llL
900 3044 994 3140 Hic
1038 3043 1133 3137 suit
1171 3040 1299 3137 lilius
1338 3045 1504 3138 iunior
1542 3043 1650 3141 Leo
1689 3044 1795 3145 oldi

265 3158 330 3367 Ei}
355 3157 661 3251 Marchionis·
678 3158 877 3253 Austriae
887 3156 1165 3251 fundatoris
1186 3159 1595 3255 Monasteriorum
1674 3194 1792 3257 eun·

45 3273 51 3332 ³
201 3370 206 3377 ,
306 3273 514 3409 urgensis
547 3288 598 3368 et
628 3274 817 3367 sanctas
836 3274 994 3369 crucis
1027 3303 1088 3366 ex
1118 3288 1274 3367 matre
1306 3276 1502 3411 Agnete
1538 3274 1636 3371 filia
1658 3280 1793 3373 Hen-

46 3357 48 3367 ’
106 3412 112 3421 ·
269 3420 359 3483 rrc1
391 3394 551 3515 quarti
582 3392 920 3517 Imperatoris,
950 3388 1103 3483 frater
1133 3386 1352 3485 Conradr
1380 3392 1510 3515 regis
1540 3391 1792 3489 Romano·

268 3536 377 3601 rum
410 3508 708 3603 doctillimus
738 3507 858 3625 suit,
887 3522 942 3602 ¹et
973 3509 1047 3601 vir
1074 3502 1220 3602 iulius
1254 3522 1307 3601 et
1337 3507 1623 3623 timoratus,
1653 3510 1792 3636 quod

45 3631 48 3790 ζ
92 3668 97 3674 ·
218 3709 221 3717 .
268 3638 321 3719 et
353 3624 489 3718 zelus
525 3627 764 3721 maximus
806 3628 857 3719 in
894 3625 1179 3761 captiuitate
1227 3622 1380 3762 l'apae
1425 3619 1666 3721 Hadriani
1706 3625 1792 3722 de·
1953 3639 1957 3647 '

267 3740 576 3857 monstrauit,
607 3742 734 3837 Nam
767 3775 877 3838 cum
896 3738 1152 3837 Fuderico
1176 3770 1338 3865 primo
1363 3743 1665 3879 Imperatore
1688 3743 1790 3839 Ro·

267 3885 405 3969 mam¹
441 3858 757 3985 proficiscitur
799 3860 959 3981 (cuius
1001 3873 1054 3951 et
1082 3873 1285 3983 patruus
1315 3860 1500 3979 extitrt)
1548 3875 1599 3955 et
1619 3859 1790 3955 dissen-

267 3974 387 4071 sioni
417 3979 547 4071 inter
576 3979 847 4072 Adrianum
879 3976 951 4071 Pa
988 3992 1066 4069 am
1095 3978 1321 4090 tertium,
1361 3991 1413 4072 et
1443 3974 1654 4072 eundem
1682 3978 1790 4072 Fri·

270 4090 489 4187 dericum
520 4096 696 4191 Romae
718 4099 778 4211 in
810 4008 1009 4188 ecclelia
1039 4091 1210 4187 Sancti
1239 4093 1376 4188 Petri
1416 4096 1629 4219 praesens
1669 4094 1789 4211 fuit,

108 4240 111 4245 ·
270 4200 610 4351 sequa'polse
641 4230 786 4308 tenus
822 4214 969 4305 etiam
1001 4212 1251 4305 communi
1281 4211 1506 4336 periculo
1519 4208 1667 4421 {dum
1690 4210 1785 4307 siri·
1866 4248 1870 4253 ·
1903 4220 1907 4229 ’
1952 4254 1954 4259 ·

271 4341 339 4419 etr
367 4358 425 4457 1n*
450 4333 603 4539 rpsum
645 4328 948 4425 nudarentur
990 4325 1160 4455 gladij)
1204 4328 1461 4454 opposuit,
1543 4344 1788 4453 mperato·

266 4470 373 4535 rem
404 4474 458 4537 re
496 4450 654 4589 arguit
683 4448 755 4541 vti
788 4448 990 4585 dignum
1026 4447 1215 4560 extitit,
1244 4444 1380 4571 quod
1402 4465 1575 4537 manus
1599 4446 1787 4542 violen-

180 4566 181 4569 ‘
268 4560 426 4653 tasin
459 4560 691 4661 Chrrslum
725 4563 914 4658 dommr
945 4564 1140 4669 mittere
1170 4589 1275 4655 non
1310 4562 1542 4676 erubuit,
1585 4565 1787 4702 captiui·

267 4676 357 4773 tati
389 4677 577 4777 addixit
609 4698 660 4779 et
689 4680 912 4777 manibus
945 4678 1023 4775 Pil
1059 4679 1167 4773 rimi
1197 4678 1495 4773 Patriarclrae
1533 4681 1788 4806 Aqurlegi'·
1850 4790 1859 4799 ,

268 4790 389 4891 ensis
435 4800 829 4919 commendauit,
902 4706 1155 4898 occallone
1196 4795 1438 4924 priuilegij
1491 4798 1784 4893 inueltiturae

1585 4945 1726 5065 ue
1888 4924 1891 4931 ’

1160 2926 1336 3019 atauiae
1366 2932 1507 3020 annis
1536 2929 1634 3022 xvi.
1658 2952 1792 3024 anno
1872 2943 1875 2947 “
2045 2943 2053 2952 ’
