4717 6050
648 434 739 531 :3⁵6
1001 420 1054 498 V.
1108 416 1470 521 BERNARDI
1501 418 1544 499 N
1554 418 1743 503 oRlcr

1320 624 1425 724 1111.

660 982 804 1081 Alter
815 921 1080 1107 ‘'catelo'gus
1094 912 1609 1104 Archiepiscoporum
1631 993 1691 1079 et
1708 976 2065 1106 Episcoporum

516 1282 522 1291 .
569 1229 575 1235 '
750 1173 1155 1353 Laureaeenirum¹
1173 1228 1238 1312 et
1262 1180 1629 1317 Patavienfium'
1652 1210 1720 1311 ab
1752 1214 1978 1343 Vrolpho

979 1484 987 1497 ·
1041 1480 1210 1578 „usque
1231 1443 1296 1543 ad
1318 1380 1655 1551 Alrmannum.

603 1827 862 2051 Sequitur
886 1916 1056 2017 videre
1079 1918 1132 2015 in
1150 1895 1403 2041 ¹Ketaiogo
1426 1895 1913 2045 ‘arehiepiscoperum
1943 1936 1995 2015 et
2025 1922 2129 2049 epi·

611 2046 871 2170 scoporum
910 2036 1262 2164 patauienfium
1292 2037 1377 2161 qui
1417 2033 1506 2127 sint
1536 2062 1708 2127 eorum
1744 2054 1865 2133 nota
1897 2035 2053 2167 digni..
2077 2052 2132 2133 et

612 2155 964 2258 benedictione
988 2171 1230 2283 perpetua
1245 2169 1297 2246 et
1306 2168 1399 2364 zm
1421 2150 1598 2278 quibus
1620 2149 1682 2243 ab
1704 2155 1969 2251 ecclefiafit
1988 2184 2130 2253 oran·

616 2278 746 2374 dum.
781 2276 864 2402 qui
899 2275 1053 2369 eciam
1080 2305 1191 2367 cum
1223 2269 1323 2364 Tat
1360 2300 1424 2363 an
1456 2283 1509 2363 et
1541 2270 1735 2394 abyron
1768 2295 1860 2398 pro
1897 2288 1975 2368 ter
2001 2274 2131 2367 mala

609 2397 698 2491 sua
731 2424 897 2520 opera.
928 2390 1287 2486 descenderunt
1313 2385 1453 2481 inab
1492 2384 1621 2480 [ium.
1671 2386 1770 2485 Set
1800 2304 1955 2486 obiiat
1984 2390 2133 2517 pluri·

609 2542 752 2609 mum
777 2507 910 2637 quod
936 2540 1109 2603 omnes
1133 2510 1346 2601 maiores
1379 2536 1448 2599 no
1513 2506 1523 2526 ‘
1584 2506 1636 2597 ui
1666 2534 1874 2632 noeper
1897 2523 2134 2603 ‘trancur-

618 2632 719 2725 sum
742 2644 842 2723 tem
882 2628 980 2721 oris
1001 2624 1343 2750 precesserunt.
1364 2622 1493 2748 gesta
1511 2534 1725 2746 ipiorum
1746 2639 2016 2721 tacuerunt
2039 2654 2136 2720 nee

516 2856 519 2867 Ι
617 2749 707 2842 scri
743 2748 806 2841 tis
829 2660 993 2869 aiiqua
1011 2738 1337 2867 prodiderunt
1358 2739 1441 2832 nisi
1468 2738 1531 2833 de
1589 2739 1848 2836 uibusdam
1867 2744 2048 2868 paucis.
2070 2740 2137 2837 de

621 2778 800 2989 quiius
856 2862 1130 2957 romserunt
1154 2856 1320 2994 aliqua
1344 2856 1473 2980 quali
1499 2886 1568 2950 nu
1609 2887 1650 2952 a.
1679 2859 1746 2953 Et
1768 2874 1937 2955 tamen
1967 2860 2138 2985 quein

622 2980 799 3106 quibus
838 3009 917 3075 am
957 2973 1258 3072 monasterus
1307 2971 1418 3070 sunt
1451 2990 1667 3104 reperta.
1720 2976 2013 3074 studebimus
2053 3004 2137 3072 an·

622 3114 813 3194 notare.
1272 3185 1279 3196 ,

741 3212 945 3310 Vrolfus
966 3189 1375 3355 arclriepiseepus.
1389 3241 1507 3305 eum
1526 3209 1655 3337 gesta
1672 3197 1892 3338 priorum
1911 3217 2138 3352 ignpren·
2196 3237 2200 3240 ’

622 3349 714 3428 tur.
744 3333 972 3458 (Spatium
992 3335 1182 3424 duarum
1201 3336 1419 3423 linearum
1439 3330 1647 3449 vacuum)
1679 3345 1731 3425 et
1752 3333 1940 3424 vtinam
1962 3330 2048 3425 dru
2071 3331 2141 3425 vi·
2315 3378 2326 3433 ,ι

549 3457 551 3460 ’
622 3449 760 3546 xiiiet
797 3481 908 3543 cum
941 3445 1091 3540 fuerit
1126 3445 1375 3570 probitate
1416 3460 1468 3539 et
1509 3446 1768 3541 virtutibus
1804 3445 1996 3572 plenus.
2054 3447 2145 3543 Set

623 3565 730 3694 post
750 3567 904 3693 ipsum
926 3562 1080 3658 statim
1101 3562 1319 3704 sequitur
1347 3560 1411 3657 de
1436 3561 1592 3688 pallio
1625 3565 1809 3689 questio
1844 3563 1967 3660 dura
1998 3593 2145 3693 quam

661 3683 827 3779 uidam
851 3713 938 3777 arn
974 3681 1090 3776 faxo
1112 3683 1371 3806 episcopus
1394 3681 1670 3778 quaueniis
1741 3682 1970 3778 atauienfi
1992 3681 2165 3781 eccle·-

541 3849 546 3857 ·
623 3716 688 4016 {ie
716 3801 968 3940 inscitauit.
993 3796 1055 3894 de
1078 3828 1176 3924 que
1196 3798 1612 3924 nirnisjprolixum
1636 3831 1665 3896 e
1702 3816 1752 3895 et
1776 3797 1942 3898 dicere
1962 3802 2016 3896 in
2038 3831 2149 3926 pre·

648 3934 764 4016 entr.

748 4035 904 4129 Hatto
926 4031 1185 4159 episcopus
1200 4025 1289 4125 'hic
1311 4030 1465 4126 nichil
1485 4031 1605 4131 feeit
1624 4033 1709 4130 nili
1734 4063 1914 4160 panem
1935 4034 2151 4135 comedit

629 4181 803 4280 parum
829 4177 1003 4245 curans
1031 4147 1093 4244 de
1118 4147 1259 4275 pallii
1285 4147 1540 4277 dignitate.

750 4265 1044 4366 Rincharius
1078 4266 1296 4392 inclytus
1333 4281 1481 4393 atque
1515 4268 1688 4364 clarus.
1743 4269 1839 4365 Hic
1873 4301 1966 4397 pro
1999 4269 2151 4410 palli?

631 4384 882 4482 fortiffime
907 4384 1158 4481 dimicauit
1183 4397 1236 4478 et
1257 4383 1481 4480 strennue
1495 4383 1741 4484 rehabens
1766 4421 1876 4488 cum
1896 4389 2055 4517 palho
2074 4409 2152 4488 tn·
2313 4358 2315 4427 ἦ

636 4503 909 4630 umphauit.
932 4534 1071 4602 rome
1095 4501 1433 4630 sollempniter
1456 4501 1725 4604 ordinatus.

1901 4662 2104 4837 ⁸Anno
