4717 6050
704 394 1335 553 curbu'aisrrtme.
1442 418 1446 425 ’
1654 370 1755 524 mk.

269 634 439 737 militia.
511 622 635 729 Item
666 626 799 729 idem
820 630 1486 730 Duxfacitomniaclaustra
1518 648 1781 759 quoerant
1849 747 1853 757 ι

268 755 320 847 in
341 749 620 877 principatu
642 749 727 844 luo
749 780 849 853 vno
863 750 964 843 Die
984 752 1169 873 pariter
1188 752 1336 846 imum
1374 752 1398 845 i³
1413 765 1463 845 et
1474 752 1655 876 inquiri
1666 782 1780 873 pec·

269 871 437 963 eunias
461 866 688 993 proprias
716 882 767 962 et
792 869 1050 967 alienaret
1074 869 1300 969 inuentae
1325 783 1538 992 diripuit.
1559 866 1778 991 insuper

269 986 452 1080 intuto
475 985 559 1080 luo
583 986 862 1125 principatu
882 982 1159 1109 recepit-de
1183 1015 1483 1110 vnoquoque
1508 985 1687 1086 manso.
1713 983 1795 1093 lx..

268 1101 512 1203 denarios.
585 1103 787 1197 inicium
811 1099 1035 1199 dolorem
1060 1100 1260 1202 suerunt
1283 1103 1390 1197 hec.
1421 1117 1596 1196 ettam
1625 1100 1779 1195 Dele-

268 1220 425 1329 cionia
453 1219 565 1312 lue.⁴
589 1217 764 1313 Postea
792 1233 999 1431 propter
1031 1218 1212 1318 multas
1235 1220 1527 1313 intolencias
1559 1232 1610 1313 et
1638 1246 1780 1311 enor-

202 1412 206 1421 ,
264 1336 461 1434 mitates
481 1334 601 1431 luas.
621 1336 873 1430 Wiennen
895 1367 948 1430 es
973 1350 1025 1429 et
1048 1335 1143 1431 alie
1167 1337 1390 1434 ciuitates
1415 1350 1579 1459 preter
1598 1364 1783 1447 nouam
1920 1379 1922 1386 ·

203 1478 206 1485 ·
268 1453 520 1551 ciuitatem
552 1450 989 1565 et'ministerialea‚
1019 1454 1071 1546 in
1096 1468 1307 1578 vtroque
1332 1455 1612 1578 principatu
1637 1459 1796 1575 cepe-².

139 1610 145 1620 ¹
267 1583 384 1684 runt
404 1568 452 1661 se
475 1597 732 1693 opponere
755 1570 814 1665 ei.
872 1568 1078 1693 Deinde
1110 1572 1275 1665 secute
1305 1573 1414 1666 sunt
1435 1572 1608 1694 rapine
1635 1584 1686 1663 et
1709 1572 1781 1661 in·

269 1680 459 1778 cendia.
492 1698 545 1788 et
562 1687 868 1811 irrupciones
891 1684 1205 1785 claustrorum
1229 1703 1279 1784 et
1301 1686 1608 1783 ecelesiarum
1633 1702 1683 1780 et
1705 1711 1782 1778 ea·
2338 1795 2344 1806 .

267 1799 483 1896 [trorum.
553 1802 756 1901 Deinde
787 1819 1033 1920 venerunt
1052 1832 1142 1902 rex
1168 1804 1426 1902 Bohemie.
1459 1820 1510 1899 et
1539 1803 1661 1907 Dux
1687 1801 1802 1906 Βε·Ι
1939 1898 1942 1902 ,
2051 1887 2054 1892 .
2203 1822 2207 1831 “

99 2014 103 2023 .
268 1916 405 2011 barie
429 1917 660 2025 exlatere
682 1922 994 2046 imperatoris
1017 1923 1068 2015 in
1089 1920 1322 2020 austriam.
1356 1919 1806 2059 quitamennichil„

264 2032 600 2162 profecerunt.
630 2037 714 2131 nili
739 2033 880 2162 quod
902 2052 1084 2145 terram
1110 2066 1163 2129 ra
1201 2039 1284 2130 ina
1308 2052 1358 2131 et
1378 2035 1610 2131 incendio
1634 2036 1804 2130 valla·

266 2165 460 2261 uerunt.
521 2154 601 2273 Hij
625 2169 806 2255 terram
830 2167 883 2247 et
907 2154 1158 2253 ciuitatem
1250 2154 1546 2249 iennenlem.
1577 2151 1806 2278 Purgras

117 2304 118 2312 ¹
268 2269 354 2365 uio
367 2265 431 2361 de
442 2267 768 2363 Nuemberch
783 2267 1269 2373 commendaueruut
1301 2270 1404 2389 Qui
1426 2269 1649 2365 collectis
1661 2269 1787 2363 mul·

269 2382 345 2479 tia.
375 2384 515 2479 venit
538 2384 703 2484 versus
726 2414 913 2481 nouam
935 2388 1200 2483 ciuitatem.
1231 2388 1488 2493 locuturus
1509 2388 1785 2509 patriarche

199 2518 202 2533 ’
269 2498 580 2627 aquilegenfi.
616 2514 668 2598 et
698 2500 1028 2597 Stiriensrbus·
1078 2503 1131 2595 in
1166 2502 1456 2603 reuerlrone.
1489 2502 1680 2597 secutus
1719 2502 1785 2614 eit
1800 2564 1808 2615 ·.

269 2644 360 2719 eus
384 2616 507 2717 Dux
526 2647 636 2710 cum
660 2618 842 2716 comite
865 2618 1129 2743 dellogen.
1162 2618 1423 2744 etfugauit
1447 2649 1536 2718 cos
1564 2649 1675 2723 cum
1697 2620 1803 2715 ha·-

215 2748 218 2755 “
268 2730 447 2829 bereut
469 2731 664 2827 Decem
690 2747 862 2837 uonna
885 2764 1049 2857 vnum.
1083 2738 1330 2864 cepitque..
1341 2737 1487 2845 Duos
1524 2737 1785 2863 episcopos
1807 2844 1811 2851 ,

265 2846 616 3058 patauiensem.
643 2848 1051 2975 etfrillogensem.
1084 2856 1238 2950 ceteri
1258 2855 1468 2979 turpiter
1490 2868 1541 2951 et
1563 2855 1646 2952 vix
1670 2884 1810 2964 cua.

287 2978 445 3074 erunt
506 2963 737 3063 Tandem
760 2966 1036 3096 Imperator
1102 2968 1556 3113 ‘erlongopurdiam
1580 2971 1811 3084 intrauit

267 3079 466 3220 stiriam
496 3082 993 3211 ettuhiugauitoattra
1006 3002 1153 3187 vaide
1167 3105 1376 3193 munta·
1399 3089 1652 3214 multaque
1667 3119 1787 3200 con·

52 3253 54 3260 ι
179 3260 187 3272 f
268 3195 429 3325 fregrt·
448 3213 500 3293 et
521 3229 728 3298 vxorem
746 3200 908 3295 Ducis
931 3200 1135 3306 abstulit.
1167 3205 1659 3341 quodeimaximum
1679 3205 1784 3300 De·
1857 3266 1860 3271 >

267 3312 425 3526 dectus
440 3365 442 3370 ·
458 3313 566 3412 suit.
651 3314 929 3418 Cenobium
967 3321 1334 3444 predicatorum
1367 3324 1585 3456 Wienne
1617 3323 1814 3432 conice·

111 3483 118 3494 ·
270 3459 352 3530 cra
375 3459 445 3528 ur.
792 3457 795 3464 ⁴
865 3511 867 3514 .
980 3519 983 3526 Δ
1099 3489 1102 3496 1
1231 3469 1236 3476 ’
1564 3465 1569 3474 ·

387 3548 476 3644 Mt
490 3549 770 3672 ccxxxviii.
813 3550 1090 3676 Imperator
1111 3555 1315 3651 intrauit
1339 3551 1570 3665 austriam.
1612 3556 1785 3651 Venit·
1809 3617 1812 3631 ·

132 3768 159 3788 ,,
271 3695 370 3794 que
393 3696 504 3760 cum
527 3666 693 3763 multia
712 3659 1016 3794 principibus
1036 3673 1318 3770 Wienoam.
1347 3672 1514 3799 ibique
1545 3703 1658 3769 cum
1685 3703 1785 3766 ma·
1810 3777 1816 3788 ,

203 3837 206 3842 1
269 3811 371 3910 gno
396 3783 590 3880 bonore
612 3784 858 3911 susceptus
884 3785 962 3882 eli.
993 3785 1221 3916 filiusque
1248 3791 1354 3884 eius
1376 3821 1468 3886 rex
1489 3787 1804 3891 Clrunradus.
1848 3785 1856 3800 ’

308 3929 362 4038 er
381 3899 671 4014 Danubium
694 3905 844 3998 venit.
875 3934 985 3998 cum
1006 3935 1187 4035 magno
1218 3909 1783 4046 comitatu-principum,
1870 4011 1878 4029 ,

270 4048 289 4112 r
323 4045 439 4143 tque
458 4047 550 4142 per
573 4033 673 4114 tres
698 4020 889 4116 menses·
910 4020 1177 4122 latitantes.
1203 4022 1523 4120 comedentes
1548 4039 1600 4120 et
1614 4022 1784 4120 brben·

271 4145 362 4234 tes.
396 4163 496 4261 que
585 4139 680 4236 uti
716 4137 793 4232 los
817 4155 971 4235 erant.
1012 4155 1063 4236 et
1083 4142 1238 4237 nichil
1263 4141 1396 4238 aliud
1420 4142 1643 4237 utilitatis
1666 4169 1786 4266 ope·

230 4265 452 4352 ‚ramea
576 4255 659 4349 ein
696 4256 1017 4381 eimperator
1037 4257 1324 4386 relinquens
1343 4257 1579 4354 austriam
1607 4260 1657 4352 in
1718 4260 1786 4353 el·
1919 4352 1923 4359 .

274 4367 353 4460 sur
372 4365 438 4460 est
456 4367 720 4467 babariam.
751 4385 803 4468 et
823 4374 1076 4472 vicessuas
1096 4375 1662 4515 commilitepiscopoBa
1700 4407 1785 4474 en·

163 4537 170 4548 ·
273 4479 506 4620 bergenli.
531 4487 767 4586 Ekberto.
838 4488 943 4615 post
973 4492 1556 4618 recellumlmperatorrs
1588 4493 1709 4590 Dux
1733 4496 1817 4589 in-

274 4595 417 4694 brem
439 4604 655 4726 qumque
677 4605 824 4702 carba
844 4607 1071 4710 obtinuit
1110 4610 1315 4706 Deinde
1328 4610 1584 4706 Stirienses
1599 4609 1785 4707 condu-

276 4714 441 4932 ctippp
466 4717 775 4934 {piperatum
807 4723 1046 4872 austriam·
1060 4729 1382 4944 indidem
1424 4759 1535 4826 cum
1562 4732 1809 4944 exceptu,
1924 4757 1928 4763 ·
