4717 6050
504 491 545 584 ,·
632 400 1491 561 erictonius-ram·
1661 489 1748 577 ,45-
1899 505 1901 508 .

97 710 103 716 ’
273 686 560 821 proximum
578 682 863 811 ‘properam
888 710 918 775 a
941 678 1124 776 dextris
1150 694 1202 779 et
1220 676 1406 776 sinistris
1425 675 1643 819 undique
1666 709 1790 805 prac-

280 813 524 919 munitus,
556 818 728 898 contra
758 798 918 896 hostes
946 814 1048 894 tam
1076 798 1285 895 visibiles
1328 828 1477 923 quam
1516 798 1789 923 sprrrtualeo

278 924 447 1055 gladio
477 922 671 1163 sgintus
703 922 950 1014 accinctus
974 905 1179 1012 viriliter
1210 915 1492 1011 dimicando
1522 914 1790 1054 triumpha·

281 1047 366 1139 uit.
418 1126 422 1131 .
530 1038 631 1135 uod
664 1038 839 1131 clarius
869 1034 907 1129 li
942 1048 1028 1128 uet
1056 1034 1162 1129 cius
1191 1036 1342 1127 vitam
1376 1031 1686 1159 perlustranti
1726 1031 1791 1125 de

279 1190 377 1287 qua
420 1163 536 1286 quia
563 1158 737 1283 paucis
767 1066 1033 1247 αάηιοίὲυηι
1064 1152 1262 1278 cognita
1290 1150 1380 1266 est,
1410 1180 1568 1277 pauca
1602 1149 1792 1287 succin-

278 1280 403 1373 ctius
424 1275 608 1370 referre
633 1287 685 1366 et
703 1274 755 1365 in
780 1268 996 1363 medium
1018 1266 1267 1363 deducere
1290 1268 1453 1362 censui
1472 1296 1577 1363 non
1599 1266 1790 1361 mutilet

277 1392 417 1488 Dum
458 1392 590 1485 enim
631 1388 1000 1485 Maximilianur
1050 1384 1278 1480 castitatis
1325 1384 1554 1509 pollebat
1591 1384 1792 1510 vigore,
1889 1392 1898 1403 ‘

277 1524 331 1604 et
359 1510 444 1601 sub
478 1524 583 1601 arta
614 1504 932 1600 continentiae
963 1502 1133 1629 regula
1161 1502 1211 1595 se
1238 1502 1612 1628 constringeret,
1642 1532 1699 1596 ac
1723 1502 1793 1596 ie·

210 1674 214 1681 ·
273 1626 419 1745 iunijs
462 1624 640 1750 vigisijs
680 1637 732 1718 et
762 1623 1037 1716 orationum
1067 1616 1290 1713 instantia
1324 1645 1505 1757 corpus
1536 1620 1792 1744 proprium
1964 1606 1971 1619 ’

241 1740 247 1745 ’
279 1740 535 1837 edomaret
583 1742 698 1865 quia
739 1753 790 1833 ct
819 1737 1036 1831 lenitatis
1075 1733 1428 1831 blandimentrs
1469 1752 1576 1830 erat
1614 1736 1791 1861 praedi-

274 1873 353 1964 tus
403 1860 623 1954 omnium
665 1858 794 1951 inse
830 1854 1127 1979 prouocauit
1167 1852 1409 1947 affectum.
1500 1854 1631 1946 Hinc
1662 1852 1790 1946 Leu·
1899 1866 1941 1970 j

118 1984 121 1988 ’
274 1976 443 2070 cherio
486 1975 608 2069 alias
647 1972 897 2067 Eucherio
931 1969 1253 2064 Laureacensi
1282 1969 1641 2094 Archipraesule
1682 1972 1791 2065 vita

270 2090 475 2208 sunct0‚
506 2107 559 2187 et
588 2091 739 2186 beato
771 2088 983 2207 Quirino
1015 2083 1145 2179 adA
1184 2084 1484 2213 uilegensem
1513 2084 1676 2179 sedem
1698 2082 1789 2179 foe·

270 2208 434 2305 liciter
462 2204 747 2320 translato,
765 2203 940 2299 beatus
965 2116 1334 2297 maximilianus
1358 2215 1460 2295 tam
1482 2200 1616 2296 Cleri
1638 2231 1789 2327 quam

269 2325 447 2451 populi
488 2323 695 2416 vocibus
726 2319 1148 2415 conclamantibus
1183 2318 1443 2414 adsedem
1473 2316 1683 2414 trahitur
1713 2321 1788 2413 in·

225 2546 229 2555 ,
270 2444 427 2554 uitus,
458 2468 557 2563 qua
576 2474 579 2483 ·
597 2438 849 2545 humiliter
878 2436 1119 2562 suscepta,
1150 2435 1268 2531 dum
1309 2435 1358 2532 se
1398 2439 1644 2531 contraire
1683 2466 1788 2532 non

310 2558 404 2652 osse
450 2554 783 2679 conspiceret,
825 2553 889 2648 ad
931 2554 1205 2651 sanctorum
1250 2552 1576 2681 apostolorum
1618 2554 1800 2679 limina,

326 2675 499 2770 eciana
537 2670 736 2766 furente
777 2669 915 2765 rabie
958 2700 1068 2811 quae
1110 2687 1212 2767 tam
1227 2760 1234 2767 .
1251 2670 1566 2767 sanctiffimos
1601 2668 1800 2767 Corne-³

269 2790 392 2887 lium
443 2803 496 2884 et
535 2788 808 2891 Fabianum
838 2786 1099 2911 pontifices
1128 2786 1386 2883 Romanos
1425 2788 1707 2884 inuoluerat
1736 2787 1785 2882 se

271 2903 499 3005 consenc
541 2930 647 2998 non
679 2917 880 2997 veretur
918 2918 1004 2996 aut
1037 2902 1257 3018 dubitat,
1285 2904 1370 2997 vbi
1401 2934 1432 2999 a
1461 2906 1612 3002 beato
1641 2905 1784 3001 Sixto

267 3016 483 3121 secundo
524 3018 767 3114 Romanae
811 3036 929 3116 tunc
1007 3020 1258 3117 raesidcnte
1297 3020 1401 3116 sedi
1438 3023 1617 3149 Episco
1656 3022 1786 3136 alem

266 3139 673 3237 benedictionem
701 3135 933 3260 suscepit,
964 3051 1048 3230 sbti
1078 3168 1141 3232 ex
1161 3137 1240 3231 his
1271 3166 1375 3231 non
1397 3137 1461 3233 ad
1485 3141 1585 3234 alta
1624 3170 1784 3266 epro-

269 3257 461 3354 fectum
499 3249 835 3365 considerans,
875 3281 981 3346 non
1010 3253 1058 3346 se
1086 3267 1142 3346 vt
1170 3253 1355 3347 elatum
1385 3257 1591 3350 honoris
1620 3258 1785 3359 transl·

267 3376 410 3469 toriae
432 3368 630 3464 fastibus
655 3365 719 3462 de
758 3371 941 3482 utauit,
972 3366 1056 3464 sed
1083 3381 1139 3463 vt
1166 3371 1329 3495 grauis
1358 3370 1557 3466 sarcinae
1589 3390 1642 3472 ct
1665 3403 1784 3467 one·

269 3493 338 3588 ris
377 3488 684 3614 implicatum
719 3393 964 3581 {asciculis
1005 3486 1090 3580 vix
1126 3515 1157 3578 a
1185 3487 1235 3580 se
1313 3487 1603 3585 ortabilibur
1645 3505 1785 3601 autu·

271 3606 438 3706 mauit
539 3604 671 3698 Hinc
714 3615 766 3697 et
805 3599 918 3699 suos
957 3603 1263 3698 humerosa
1330 3619 1542 3700 aratrum
1580 3610 1632 3702 in
1662 3635 1782 3733 agro
1960 3634 1963 3640 ’
2086 3571 2090 3577 ’

268 3723 524 3820 dominico
555 3717 761 3843 solerter
793 3710 1074 3846 adaptatum,
1105 3718 1326 3816 Coeleslir
1367 3723 1589 3819 alimenti
1628 3725 1803 3819 verba

271 3839 355 3938 dei
395 3839 580 3934 scilicet
620 3834 804 3973 pabula
834 3840 993 3973 arenti
1031 3853 1141 3933 eta
1200 3837 1283 3933 esti
1312 3840 1504 3966 populo
1535 3839 1782 3938 studiosius
1920 3931 1924 3940 .

265 3983 477 4170 ‹elr‘stgm
519 3967 697 4167 coglpttt}
725 3951 1151 4167 changatirtagumi
1169 3958 1327 4166 itsatir,
1367 3959 1783 4171 ffisfienfiffrbm

269 4105 460 4308 aias?
480 4099 853 4329 sabailliaus
885 4092 1570 4330 striaturae?
1600 4110 1653 4290 ἐι
1675 4103 1793 4318 {lsi
1902 4203 1907 4210 ·

272 4307 416 4404 solito
448 4307 621 4403 dietim
648 4333 702 4399 -m
732 4303 811 4400 lua
840 4305 890 4402 sc
921 4307 1265 4444 crercrtando,
1295 4341 1324 4404 a
1390 4310 1504 4404 vitae
1535 4326 1588 4408 et
1609 4311 1787 4408 sancti·

273 4429 389 4519 tatis
429 4425 620 4552 frugem
659 4421 723 4524 ad
764 4420 1124 4549 perfectronem
1156 4427 1310 4552 vsque
1353 4429 1536 4545 creuit,
1567 4426 1697 4524 adeo
1725 4437 1783 4524 vt
1910 4503 1918 4512 .

269 4538 510 4684 quidquid
548 4544 601 4634 in
640 4538 716 4634 hir
758 4541 858 4635 oris
898 4543 1090 4636 virtutis
1129 4558 1183 4639 et
1211 4545 1381 4686 gratiae
1418 4575 1473 4639 re
1511 4549 1685 4661 eritur,
1715 4542 1780 4640 de
1894 4548 1939 4614 ἰ

252 4651 600 4756 'misericordia
639 4657 715 4752 lar
749 4658 878 4753 ‘tatis
915 4657 998 4754 dei
1035 4685 1127 4786 per
1154 4661 1300 4759 hurur
1328 4661 1441 4758 sanc
1515 4664 1601 4760 rmi
1626 4665 1781 4790 patris

274 4773 689 4906 archipresulis
827 4791 931 4874 tem
959 4773 1237 5025 dficltrlingm
1273 4781 1755 5026 exemplariaaoffla
1759 4845 1811 4978 ,1,
