4717 6050
877 413 1243 516 Iustum„
1313 391 1321 399 “
1637 492 1642 498 .
1751 435 1775 505 7

105 717 111 726 .
429 624 555 720 Item
575 624 628 716 in
653 625 814 720 irvar.
836 619 970 714 xviii.
1001 647 1116 720 aree
1140 617 1403 714 soluentes.
1426 617 1694 731 utelenta.
1718 645 1835 742 pre*
1916 627 1919 635 '
1963 669 1968 674 ·
2008 671 2013 678 -
2121 675 2152 694 ’-

54 853 61 858 ,
160 789 164 796 ·
309 760 387 840 ter
418 742 483 837 xl.
515 739 760 836 denarios.
850 738 985 832 Item
1006 736 1127 832 iiiia·
1163 767 1279 833 aree
1309 733 1407 832 line
1452 736 1580 864 agris
1624 734 1829 831 lol'uunt

187 881 219 954 j
284 862 446 976 „xviii
481 857 726 955 denarios.
808 855 952 950 Hanc
984 854 1154 954 villam
1192 856 1350 949 eciam
1380 853 1533 949 habet
1561 854 1739 980 Epilco
1776 879 1835 950 us
1914 890 1917 896 ’

77 1003 81 1010 ’
311 978 441 1076 frilm
477 976 611 1072 ends.
646 971 1005 1076 exdonati0ne
1025 971 1368 1078 Romanorum
1385 970 1539 1099 Regis
1560 970 1709 1072 Rvdo
1764 1043 1787 1077 .,

109 1123 111 1139 ’
188 1185 190 1193 .
431 1010 557 1193 lgtem
590 1097 642 1190 in
664 1091 913 1190 Schdnne.
948 1089 1049 1186 xiii.
1081 1090 1345 1188 Beneficia.
1366 1087 1649 1216 ,quodlibet
1676 1089 1835 1184 soluit.

33 1256 37 1264 ·
144 1330 147 1338 ¹
312 1249 359 1312 x.
390 1211 590 1311 solidos.
632 1227 684 1308 et
725 1237 933 1339 porcum
980 1209 1245 1307 valentem.
1287 1207 1543 1304 dimIdium
1581 1206 1837 1305 talentum.

313 1335 443 1434 Sunt
468 1345 519 1427 et
545 1328 743 1427 ibidem.
775 1331 837 1425 vi.
869 1358 984 1424 aree
1006 1329 1272 1427 soluentes.
1304 1324 1557 1422 dimidium
1580 1327 1839 1420 talentum.
1929 1444 1932 1450 Ι
2091 1424 2095 1432 ,

318 1468 370 1548 et
400 1453 462 1547 ii'.
495 1479 623 1545 aree.
652 1449 785 1544 xviii.
807 1446 1052 1544 denarios.
1085 1462 1137 1544 et
1159 1446 1296 1542 illem
1316 1445 1485 1542 villam
1508 1444 1656 1538 etiam
1684 1443 1839 1539 habet

318 1485 498 1784 {pidllco
536 1563 917 1693 us'frifingenfis.
949 1596 1014 1660 ex
1034 1563 1308 1704 donatione
1329 1562 1668 1658 Romanorum
1683 1560 1837 1690 Regis
2012 1651 2017 1664 .
2072 1668 2075 1675 .

367 1721 400 1783 v
437 1718 469 1781 ο
523 1757 533 1778 .
1022 1755 1026 1762 ·
1219 1719 1225 1727 ·
1873 1771 1878 1779 .

436 1805 502 1900 Et
534 1800 811 1898 notandum
843 1799 979 1927 quod
1013 1797 1276 1928 predictas.
1315 1801 1379 1915 iii.
1421 1796 1564 1893 villas
1603 1796 1840 1893 videlicet
1884 1905 1890 1916 ¹

318 1919 582 2020 Probuorf.
605 1920 775 2017 Vrvar.
808 1935 859 2015 et
879 1917 1128 2016 Schtiuna.
1159 1916 1387 2046 predium
1412 1915 1642 2010 in·Celle.
1675 1931 1726 2010 et
1746 1914 1839 2012 Cv-

181 2099 186 2110 -
318 2045 441 2137 riam
465 2044 518 2136 in
536 2038 819 2135 Aisthoven.
844 2037 1075 2133 dominus
1096 2037 1209 2133 Rex
1228 2035 1570 2132 Romanorum
1590 2031 1840 2128 Rvdolfus
1975 2102 1978 2106 ι

320 2157 529 2256 donauit
539 2156 716 2284 Episco
755 2188 787 2251 ο
811 2153 939 2250 friltn
977 2155 1085 2250 enli.
1116 2169 1384 2280 propterea
1407 2149 1545 2276 quod
1569 2148 1702 2244 idem
1724 2151 1868 2274 Epi..

321 2279 496 2403 scopus
529 2275 698 2370 omnia
717 2189 882 2367 leode
912 2186 974 2366 ab
1007 2274 1213 2394 antiquo
1244 2269 1546 2402 perfluentia
1576 2265 1641 2360 ad
1662 2267 1841 2391 princi·

270 2423 271 2428 ‘
360 2409 495 2486 atum
518 2388 705 2482 Austrie
733 2419 796 2480 ex
818 2385 1089 2480 collatione
1111 2384 1255 2508 ipsius
1285 2383 1635 2508 EpllcopatuS,
1669 2399 1842 2479 contu·
1964 2409 1979 2426 “
2092 2473 2101 2482 .

324 2427 387 2604 lit
407 2506 520 2600 filiis
580 2499 1307 2626 redictiRegisRomanorum.
1338 2550 1341 2557 ·
1489 2561 1517 2593 ·.

216 2627 223 2636 ’
380 2733 383 2739 ¹
444 2621 502 2712 In
564 2613 787 2711 tadlowe
813 2615 874 2710 de
897 2647 1056 2712 vrvar.
1090 2613 1153 2710 ad
1176 2648 1292 2718 xxv.
1316 2613 1518 2711 talenta.
1579 2615 1770 2712 Ibidem
1791 2620 1843 2714 in
2003 2629 2007 2637 '

324 2733 614 2834 redditibus.
637 2765 681 2830 v.
705 2733 908 2830 talenta.
940 2750 992 2829 et
1011 2735 1109 2829 lxx.
1135 2732 1381 2829 denarios.
1460 2746 1462 2749 ’
1759 2800 1764 2810 .
1941 2811 1946 2822 .

122 2914 143 2959 ,ι
442 2853 501 2947 In
532 2848 877 2949 Wulzendorf.
907 2852 989 2946 xii.
1020 2849 1286 2951 Beneficia.
1318 2849 1580 2978 quodlibet
1612 2848 1768 2946 soluit.
1799 2851 1869 2972 ij..
1934 2925 1940 2934 κ

65 2984 69 2992 ’
326 2968 536 3069 Modios
562 2968 726 3064 tritici.
752 2984 803 3064 et
823 3001 1031 3095 porcum
1052 2985 1104 3065 et
1124 2968 1346 3065 modium
1368 3000 1538 3065 avene.
1598 2969 1724 3064 Item
1748 2966 1846 3066 due

296 3152 299 3159 ,
329 3120 445 3185 aree
466 3090 674 3184 soluunt.
705 3086 770 3181 lx.
792 3083 1037 3183 denarios,
1096 3086 1281 3183 Tereia
1307 3118 1434 3183 area.
1454 3088 1517 3181 vi.
1541 3082 1788 3182 denarios.
1813 3095 1856 3200 ’ρ-

447 3206 532 3300 De
557 3203 848 3301 Advocatia.
870 3208 932 3299 ix.
959 3206 1205 3300 Mettetas
1226 3236 1399 3300 avene.
1430 3203 1557 3300 duos
1582 3204 1763 3331 pullos.
1795 3206 1847 3303 et

332 3321 458 3420 duos
483 3322 728 3417 denarios.
790 3318 928 3414 Istam
952 3322 1122 3441 villam
1154 3322 1342 3417 habent
1370 3319 1557 3418 domini
1593 3319 1657 3416 de
1682 3323 1846 3419 sancta
1972 3344 1976 3350 ’
2107 3387 2108 3396 κ

333 3442 491 3537 Cruce
513 3470 579 3534 ex
601 3441 818 3565 antiquo.
958 3481 959 3490 Ν
1234 3441 1236 3444 ’
1331 3527 1335 3531 Α

452 3557 509 3650 In
529 3556 732 3697 Asparn.
755 3555 905 3652 xxiiii.
931 3556 1185 3681 beneficia.
1210 3553 1472 3682 quodlibet
1491 3556 1649 3654 soluit.
1670 3558 1845 3654 ii.M0·

333 3672 442 3769 dios
469 3674 629 3769 tritici
662 3688 713 3769 et
743 3744 746 3747 -
782 3704 965 3769 orcum.
1047 3672 1239 3769 Ibidem
1267 3671 1560 3768 beneficium
1591 3672 1848 3770 dimidium

331 3792 488 3908 soluit.
519 3791 600 3887 vii.
631 3791 721 3885 soli
760 3823 830 3887 os.
863 3807 914 3887 et
935 3824 1013 3887 xv.
1040 3790 1285 3887 denarios.
1346 3794 1471 3885 Item
1494 3792 1741 3919 integrum
1760 3792 1846 3886 be·
1947 3801 1951 3807 ’

331 3908 574 4003 nelicium.
603 3908 760 4005 soluit.
791 3910 856 4004 iii.
886 3909 1088 4011 talenta.
1186 3910 1324 4005 Item.
1347 3910 1430 4005 xii
1465 3939 1593 4003 aree.
1625 3908 1848 4036 quelibet

332 4026 480 4121 soluit
502 4022 757 4121 dimidium
780 4027 1036 4138 talentum.
1541 4115 1544 4120 ,
1700 4058 1708 4071 ·
1979 4125 1982 4131 ,
2071 4112 2075 4117 ,

385 4220 387 4225 ,
451 4144 577 4237 Item
602 4142 698 4238 due
720 4174 833 4239 aree
859 4141 1115 4239 dimidium
1138 4144 1394 4247 talentum.
1453 4142 1542 4251 De,
1559 4145 1687 4272 agris
1710 4159 1761 4240 et
1784 4144 1846 4240 de
1930 4214 1938 4230 κ

371 4261 666 4357 aruis-areis.
699 4294 745 4355 x.
767 4259 963 4357 solidos.
996 4278 1046 4356 et
1081 4264 1143 4355 ix.
1177 4259 1422 4357 denarios.
1482 4262 1620 4357 Item.
1658 4293 1704 4357 x.
1733 4262 1847 4358 Mo·

334 4292 540 4473 lendina
591 4375 820 4477 uodlibet
842 4378 984 4474 soluit
1005 4376 1237 4475 Modium
1261 4379 1497 4505 SiIIgInis.
1567 4377 1760 4475 Ibidem
1783 4381 1845 4477 de

338 4494 564 4622 quolibet
620 4496 839 4591 eneficio.
871 4528 1020 4594 vnam
1044 4494 1308 4591 Gall-inam.
1332 4511 1383 4590 et
1403 4496 1556 4606 bisin
1578 4528 1846 4614 annum.

338 4644 446 4707 ova.
506 4614 631 4711 Item
654 4614 790 4710 limul
812 4614 1020 4710 loluunt.
1053 4635 1151 4710 σοῦ’·
1176 4629 1228 4708 et
1251 4615 1353 4712 viii.
1375 4612 1567 4727 Caseos.
1627 4617 1686 4710 In
1708 4614 1848 4712 Nati·
1993 4722 1997 4731 ¹

300 4816 303 4826 .
338 4732 492 4829 uitate
530 4726 730 4827 domini.
763 4746 813 4826 'et
848 4733 1012 4827 caseus
1053 4730 1204 4828 debet
1233 4732 1404 4839 valere
1442 4730 1582 4843 duos¹
1602 4731 1847 4830 denarios.

1664 4853 1790 4953 Item
2026 4902 2031 4911 ·
