4717 6050
689 462 766 536 sar
959 425 1899 523 vu.1onn.‹⁴r1crrrrarr

635 636 797 732 cunda
826 635 950 730 seria
975 633 1085 760 post
1113 635 1217 729 Viti
1252 632 1317 730 ad
1336 649 1508 732 nutum
1533 635 1647 730 Dei.
1678 688 1697 713 ·
1727 691 1745 712 ·
1804 638 1942 734 Item
1969 637 2167 764 sequen.

635 759 675 848 ti
705 753 809 880 posi
839 753 1033 848 Mathei
1062 751 1274 848 sedecim
1303 755 1520 850 florenos
1552 754 1868 881 Vngarica'ses
1896 787 1970 850 ex
1993 754 2165 851 Lecto·

615 885 690 966 'ra
710 873 771 964 :in
806 868 1087 984 Medicina,
1183 901 1275 965 uos
1306 870 1446 968 dedit
1489 872 1701 996 Vngarie
1750 871 1861 968 Rex
1915 873 2167 992 Mathias,

694 992 722 1083 'i
749 987 961 1082 feliciter
992 991 1127 1082 vivat
1197 989 1242 1081 ic
1279 992 1411 1082 etin
1444 1001 1616 1082 eterna
1650 992 1821 1114 patria.
1899 991 2041 1085 Item
2079 995 2165 1132 pri·

673 1110 719 1201 ie
749 1105 884 1202 Luce
920 1103 1220 1198 Monasieria
1260 1103 1643 1230 Newburgensia
1673 1105 1926 1202 dederunt
1968 1107 2095 1201 mim
2120 1109 2166 1203 in

603 1282 607 1290 ,
634 1224 807 1320 salario
828 1223 1017 1348 triginti
1047 1223 1265 1347 quinque
1286 1252 1431 1317 vrnas
1456 1220 1604 1315 musii.
1633 1275 1655 1299 ·
1683 1275 1704 1299 ·
1762 1224 1890 1318 stem
1922 1257 1986 1318 vs
2027 1254 2090 1317 ue
2109 1224 2165 1318 ad

634 1341 767 1436 diem
794 1355 845 1434 et
865 1337 1035 1434 festum
1061 1367 1186 1462 ymo
1212 1339 1482 1434 solemnem
1520 1353 1570 1432 et
1626 1340 1751 1434 rimo
1776 1340 1931 1436 nobis
1953 1339 2013 1434 fe
2054 1344 2162 1440 'uari

635 1457 876 1552 indictum
943 1487 997 1550 er
1027 1452 1209 1551 Sedem
1232 1456 1563 1582 Apostolicam
1583 1370 1751 1552 §ancti
1776 1455 2048 1584 Leopoldi
2072 1460 2161 1553 Au-

636 1575 743 1680 strie
776 1489 1084 1669 Marcbionis
1115 1603 1267 1669 vnum
1305 1575 1547 1670 florenum
1591 1574 1945 1698 Vngaricalem
1972 1628 1993 1653 ·
2026 1627 2046 1650 ·
2104 1574 2163 1668 ad

637 1692 774 1792 cuius
806 1688 976 1786 fesium
1007 1694 1291 1817 comparaui
1320 1692 1442 1786 mibi
1470 1691 1684 1786 tunicam
1725 1690 1937 1784 rubeam
1987 1691 2160 1786 sebam·

635 1808 822 1905 loteam
851 1808 1066 1933 pellibus
1097 1807 1345 1904 madrusiis
1375 1807 1660 1903 subductam
1688 1808 2002 1902 constantem
2035 1810 2157 1903 circi·

635 1941 713 2021 ter
743 1929 958 2022 florenos
985 1928 1177 2066 viginti
1236 1927 1303 2022 Et
1333 1925 1391 2020 src
1422 1925 1558 2020 finita
1585 1927 1695 2018 sunt
1738 1957 1804 2020 ex
1844 1926 1958 2018 Dei
2005 1927 2155 2050 gracia
2243 2031 2244 2041 p

636 2045 944 2146 Doctoratus
975 2073 1073 2139 mel
1114 2040 1259 2139 lustra
1306 2041 1407 2139 duo
1439 2040 1493 2139 id
1534 2039 1598 2136 est
1643 2045 1759 2136 anni
1806 2041 1992 2136 decem
2002 2079 2022 2160 3
2073 2071 2154 2166 pro
2242 2045 2246 2145 1

674 2192 738 2256 uo
771 2161 905 2256 bone
938 2161 1079 2256 Deus
1121 2161 1260 2285 pleni
1296 2161 1406 2255 sunt
1451 2159 1548 2254 celi
1590 2175 1641 2254 et
1682 2173 1814 2254 terra
1859 2161 2032 2285 gloria
2068 2175 2156 2252 tua,

687 2277 914 2372 -C.XPC.
942 2280 997 2374 in
1033 2283 1168 2378 cuius
1199 2281 1402 2375 nomine
1446 2277 1637 2404 semper
1668 2275 1943 2374 benedicto
1980 2303 2157 2373 armum·

638 2396 718 2498 sue
750 2396 1022 2494 natiuitatis
2242 2472 2243 2484 r

757 2531 890 2636 1487,
919 2513 1223 2639 incipiamus.
1253 2566 1273 2590 ·
1297 2565 1322 2594 ·
1352 2511 1477 2607 Item
1515 2541 1670 2638 usque
1706 2513 1910 2608 Ioannis
1948 2507 2149 2645 Baptriie

629 2680 706 2714 .··
767 2629 892 2725 Item
925 2630 1039 2725 Mar
1072 2631 1257 2724 arethe.
1289 2631 1415 2724 duos
1445 2631 1674 2725 florenos.
1735 2631 1937 2724 Interea
1952 2656 2148 2724 nouau-

638 2749 765 2842 uitas
797 2761 1052 2873 pactatae
1120 2778 1231 2842 cum
1260 2745 1400 2873 Rege
1432 2747 1764 2843 Mathia'eam
1795 2746 2079 2856 obsidente,
2120 2740 2147 2833 sr

637 2865 888 2960 Dominus
927 2865 1202 2988 Imperator
1238 2863 1321 2960 vel
1363 2865 1432 2959 sui
1463 2895 1567 2960 non
1601 2866 1793 2959 venerit
1833 2859 2145 2962 inauxisium

507 3041 511 3047 ·
636 2981 746 3189 ipsrfg
776 2980 905 3113 infra
926 2982 1256 3121 visitacionem
1276 2981 1441 3181 Martie
1463 2978 1699 3179 vsqugiad
1717 2982 2008 3180 sepuenrem
2028 2974 2145 3062 diem

674 3130 713 3311 ἶ
749 3100 1125 3311 1⁵²iiissssssn¹⁵
1160 3098 1741 3329 Masaubtssgibse
1772 3112 2141 3298 iiiabbbinuvi
2239 3297 2240 3312 ψ

635 3361 666 3417 a
750 3352 840 3447 ege
871 3215 1242 3459 capitunlnDIie
1265 3320 1581 3459 Margaretbe
1609 3317 2001 3456 Grassenekcher
2022 3317 2137 3409 bam·

636 3436 790 3535 barda
820 3438 1108 3533 interficitur
1136 3438 1204 3535 :ab
1246 3438 1468 3564 Vngarrs.
1540 3436 1665 3532 Item
1685 3477 1689 3483 ’
1712 3437 1847 3534 sexta
1891 3437 2017 3531 fena
2047 3425 2136 3556 posi
2235 3395 2242 3558 i

628 3556 942 3659 ¹assumcion'ir
988 3555 1150 3651 Marie
1189 3553 1303 3653 Rex
1352 3557 1563 3683 Vngarie
1606 3554 1834 3651 Mathias·
1872 3557 1929 3651 in
1981 3570 2133 3646 manus
2240 3605 2241 3614 κ

636 3673 742 3769 suas
772 3679 821 3811 vi
850 3672 980 3768 fame
1021 3673 1214 3801 accepit
1241 3702 1426 3767 nouam
1458 3673 1719 3767 ciuitatem.
1792 3673 1920 3812 Item
1956 3668 2034 3763 die
2075 3663 2140 3756 s··

638 3789 1200 4009 iissarssebii‘iii
1225 3787 1481 4002 insidiis
1511 3787 1684 4043 titt
1703 3788 2129 4025 stetimus
2235 3815 2240 3970 t

639 3938 784 4164 enies.
818 4052 859 4139 4
895 4024 1091 4121 solidor.
1128 4026 1199 4141 aa
1223 4024 1453 4163 denarios
1476 4038 1623 4123 tertra
1643 4023 1769 4119 seria
1791 4040 1908 4121 ante
1933 4022 2127 4153 Clemen·
2176 4099 2182 4116 .

637 4157 701 4244 trs
736 4145 912 4270 incipit
946 4158 1055 4239 treu
1090 4174 1117 4239 e
1144 4142 1367 4267 plenarie
1399 4144 1483 4237 sex
1505 4136 1893 4237 ebdomadarum
1916 4146 2039 4237 inter
2056 4158 2127 4224 m·

682 4274 924 4357 oratorem
955 4274 1006 4356 et
1098 4290 1244 4389 egem
1276 4260 1505 4387 Vngarie.
1579 4258 1705 4352 Item
1747 4259 1976 4370 Andree‚
2025 4253 2124 4349 bort

581 4422 583 4428 ⁸
690 4378 725 4473 s.
755 4380 884 4474 circa
915 4377 1172 4473 meridiem
1202 4377 1413 4473 nascitur
1447 4376 1567 4469 mibi
1599 4373 1728 4471 filius
1763 4379 1988 4501 quintus,
2023 4369 2120 4493 ¹1⁰¹!

675 4509 815 4587 uana
854 4494 953 4594 diei
989 4494 1205 4592 eiusdem
1236 4496 1512 4625 baptizatur
1556 4499 1647 4619 per
1695 4493 1966 4621 magistrum
2009 4482 2119 4578 chon

694 4611 915 4707 ominum
947 4612 1289 4715 Leonardum:
1337 4611 1563 4707 leuantca
1598 4610 1797 4706 Doctor
1834 4608 2049 4709 Andreas
2071 4614 2120 4685 ex

642 4728 957 4863 Pottcnprun
984 4731 1322 4831 Vnmerfitatia
1362 4727 1834 4849 vicecancellarius,
1873 4716 2074 4928 Canfflgss'd
