4717 6050
664 427 707 528 ’.
772 435 1276 530 avs‘rmm·
1434 387 1456 461 ²
1676 389 1777 552 {n-

180 689 184 696 ·
306 655 600 756 euriacum
636 655 765 786 agris
800 651 941 781 apud
978 653 1145 751 forum·
1179 654 1339 759 soluit,
1369 649 1628 750 dimidium
1661 655 1824 752 talen·

308 793 427 874 tum.
486 779 611 873 Item
634 791 734 870 tres
755 773 917 868 hvebe
944 773 1165 900 *obligate
1194 772 1306 868 lunt
1327 771 1574 868 aduocato
1603 805 1703 899 que
1726 774 1819 871 sol·

309 911 448 1002 nunt.
482 896 564 990 vii.
595 891 777 988 solidos
806 906 986 1010 meter.
1023 923 1069 984 x.
1102 888 1378 986 denarios·

422 1014 486 1108 'ln
517 1009 699 1108 eodem
729 1009 911 1104 Officio
947 1005 1225 1102 Horburch.
1249 1009 1329 1130 iiij.
1349 1003 1707 1135 beneficiaque
1727 1008 1820 1102 sol·
1953 1109 1958 1124 ,

307 1145 453 1268 nunt.
462 1132 579 1270 xvi.
600 1123 797 1266 lelidos.
856 1123 1210 1265 lnnNatiuitate
1244 1124 1446 1220 domini.
1477 1126 1558 1219 xii.
1585 1124 1821 1264 scapulas.
1932 1133 1943 1150 ”

308 1242 1234 1502 attentata.uitiata.
1265 1235 1703 1487 salatia..
1735 1275 1822 1453 tl:

308 1484 453 1578 feres.
495 1497 550 1577 et
579 1479 811 1576 dommus
843 1479 1038 1574 Vlncus
1079 1475 1144 1574 de
1177 1475 1480 1604 Ramlperch
1511 1474 1695 1574 fatetur
1726 1477 1821 1574 hee

308 1599 395 1696 nbi
425 1599 517 1695 elle
548 1596 801 1693 infeodata
829 1625 922 1738 per
950 1596 1048 1692 illa.
1652 1652 1656 1658 -

322 1799 326 1814 .
428 1718 552 1812 Item
596 1711 793 1811 ibidem.
837 1712 923 1810 iiii.
965 1709 1205 1810 beneficia
1236 1712 1453 1816 seruiunt
1483 1726 1538 1807 ut
1570 1713 1738 1839 priora
1768 1727 1826 1807 et

311 1821 591 1930 Hertwicus
619 1831 682 1927 de
707 1829 887 1928 lelen
916 1828 1082 1926 habet.
1141 1831 1200 1926 In
1230 1830 1495 1956 Haertwigs
1524 1860 1639 1956 erge
1676 1828 1824 1926 Curia
1909 1906 1914 1917 .

310 1951 537 2047 villicalis
579 1948 737 2046 soluit.
779 1951 843 2044 ix.
872 1947 1118 2075 schaphia.
1157 1962 1225 2044 et.
1254 1949 1324 2042 iii.
1359 1947 1509 2072 iehap·
1545 1950 1602 2042 'a
1635 1946 1825 2042 faciunt
1908 2022 1912 2030 ,
2015 2005 2020 2020 ·
2068 2002 2071 2009 ·

254 2123 266 2176 ·.
306 2069 439 2165 bene
463 2091 621 2166 'vnum
652 2067 915 2195 'pvrchmvt
943 2063 1153 2162 totidem
1178 2095 1339 2160 auene
1371 2079 1438 2159 et
1472 2067 1576 2162 viii.
1600 2065 1823 2192 gallinas
1925 2098 1927 2102 ·
1967 2173 1972 2182 ¹

310 2202 362 2282 et
394 2188 442 2280 ii.
464 2181 666 2280 anseres
700 2187 753 2280 in
786 2182 907 2280 festo
944 2183 1275 2312 Mychahelis.
1315 2196 1367 2276 et
1408 2210 1616 2306 porcum
1656 2181 1825 2277 valen·
1977 2269 1979 2273 ,

60 2320 69 2328 “
165 2385 169 2398 .
308 2319 410 2398 tem
443 2301 699 2396 dimidium
731 2305 987 2394 talentum.

428 2419 487 2509 In
518 2419 684 2508 saneto
717 2415 987 2508 Valentino
1021 2410 1168 2505 Curia
1201 2411 1427 2506 villicalis
1458 2411 1616 2506 soluit.
1649 2412 1729 2506 xii.
1754 2413 1827 2507 m·

311 2530 438 2626 lidos
505 2545 648 2623 teter.
678 2559 724 2622 x.
745 2527 989 2622 denarios.
1048 2525 1253 2621 Ibidem.
1277 2529 1325 2620 ii.
1350 2527 1590 2622 beneficia
1615 2529 1825 2638 soluunt.
1877 2587 1881 2595 ,

222 2763 226 2770 ⁶
300 2651 374 2740 ix.
413 2561 598 2768 solidos
680 2659 824 2737 teter.
866 2673 912 2736 x.
957 2641 1203 2738 denarios.
1262 2642 1461 2736 Ibidem·
1484 2643 1827 2740 molendinum

308 2761 467 2856 soluit.
499 2761 566 2853 iii.
602 2675 786 2896 [elidos
824 2772 877 2851 et
909 2753 1179 2852 dimidium.
1209 2757 1277 2852 de
1311 2789 1468 2898 paruo
1506 2761 1702 2855 seruitio
1735 2762 1827 2856 ibi-
1882 2839 1887 2853 ,

304 2877 438 2978 dem.
480 2891 544 2972 et.
586 2877 652 2970 in.
699 2877 1008 3002 Wintperge.
1052 2873 1117 2968 lx
1158 2873 1419 2972 denarios.
1468 2869 1576 2972 Hec
1618 2876 1739 2973 dicit
1760 2880 1825 2975 'se

308 2993 548 3093 Rimboto
577 2992 762 3087 habere
792 2995 845 3087 in
875 2989 1028 3089 [eodo
1077 3006 1228 3103 ‚reter
1267 2990 1632 3094 Molendinum.

427 3114 484 3207 ln
517 3110 697 3206 Officio
729 3107 1043 3204 Riedmarch.
1110 3109 1318 3237 bergeri.
1366 3112 1425 3204 In
1445 3110 1753 3222 Moderrevt.
1775 3142 1825 3209 x.

306 3227 473 3326 hvebe
510 3227 719 3323 soluunt.
759 3229 858 3319 viii.
888 3224 1087 3324 modios
1123 3225 1360 3322 frumenti
1393 3227 1637 3326 chastmvt'.
1672 3247 1737 3328 et.
1776 3264 1823 3326 x.

309 3344 508 3442 modios
540 3374 696 3439 avene
733 3340 977 3453 chastmvt.
1010 3356 1073 3435 et.
1105 3341 1233 3441 duos
1261 3374 1459 3469 porcos.
1501 3376 1708 3473 porcum
1742 3381 1825 3444 va·
1892 3384 1895 3389 ·

157 3564 161 3571 ,
310 3464 513 3558 lentem.
557 3460 623 3553 lx.
669 3456 921 3552 denarios.¹
960 3470 1023 3553 et.
1066 3458 1199 3555 xviii.
1230 3460 1411 3556 caseos
1506 3493 1543 3558 ,ο
1579 3466 1732 3563 caseo.
1774 3467 1870 3560 ii:

311 3578 561 3672 denarios.
588 3592 652 3670 et.
684 3576 762 3693 iiij.
784 3573 973 3671 Schoet
1007 3574 1187 3669 liniet.
1221 3577 1357 3680 xviii.
1382 3610 1414 3703 g
1483 3584 1603 3676 inas„
1640 3598 1703 3678 et
1726 3583 1825 3678 yffi

311 3710 545 3790 metretas
586 3690 825 3790 fabarum.
863 3706 928 3791 et
969 3724 1013 3788 v.
1054 3706 1290 3801 metretas
1332 3701 1608 3821 papanem,
1646 3714 1712 3795 et,
1740 3702 1823 3793 xij·

166 3860 169 3869 ’
310 3806 494 3911 solidos
528 3838 751 3905 ouorum.

429 3930 487 4023 In
507 3926 862 4053 Stechelperge
886 3956 981 4021 vna
1002 3924 1166 4060 hveba
1188 3949 1285 4053 que
1308 3926 1465 4025 soluit.
1490 3962 1569 4052 ¹1¹1·
1589 3930 1828 4032 ehastmvt
1899 3915 1903 3919 A
1961 3907 1978 4038 ’.

159 4044 161 4049 ’
304 4045 558 4141 frumenti.
588 4059 641 4138 et
671 4042 881 4139 totidem
914 4073 1070 4140 avene
1108 4057 1159 4137 et
1178 4073 1387 4169 porcum
1417 4049 1680 4144 valentem.
1711 4082 1823 4147 xxx.

313 4162 561 4260 denarios.
593 4175 656 4255 et.
687 4161 735 4253 ii.
766 4160 1001 4287 scapulas.
1033 4175 1097 4256 et.
1121 4162 1153 4255 i.
1176 4176 1435 4257 metretam
1458 4167 1733 4293 papaueris
1760 4184 1825 4275 et.

315 4281 363 4373 ii.
397 4294 632 4375 metretas
662 4275 791 4373 fabe.
829 4292 892 4373 et
926 4277 990 4381 vi.
1026 4279 1205 4373 caseos.
1242 4279 1407 4375 caseus
1438 4282 1625 4379 valens
1659 4286 1707 4379 ii.
1741 4284 1827 4380 de·

313 4398 493 4491 narios.
554 4397 611 4489 ln
638 4386 823 4489 Pascha
860 4410 910 4491 et
974 4394 1236 4489 enteeoste.
1268 4428 1352 4491 1111.
1370 4399 1593 4525 gallinas
1615 4398 1825 4534 Myeha·

314 4513 442 4607 helis
460 4513 524 4607 lx.
547 4543 656 4607 oua.
708 4512 887 4607 Hveba
961 4511 1149 4607 erlochi
1169 4511 1316 4607 soluit
1344 4514 1461 4612 ficut
1481 4520 1659 4643 prima.
1692 4520 1825 4616 Hve-
1904 4586 1908 4595 -

314 4628 381 4724 ba
410 4630 633 4725 Heinrici
661 4625 846 4765 Raimer
875 4630 1087 4723 imiliter
1115 4641 1284 4766 pretet
1314 4659 1521 4772 porcum
1553 4636 1638 4761 qui
1673 4634 1827 4732 debet

314 4744 497 4845 valere.
527 4778 606 4845 xx
639 4742 884 4845 denarios
943 4745 1122 4846 Hveba
1160 4748 1374 4849 Amwtci
1413 4753 1571 4850 soluit.
1616 4751 1701 4965 iiid
1721 4753 1825 4849 mo·¹

400 4912 404 4919 ·
1603 4928 1609 4941 ·
1687 4899 1764 4966 10s
