4717 6050
494 354 674 513 1ἰοσ
852 452 855 458 ‚
968 382 1036 500 ¹1.
1092 358 1595 523 unumunurm

483 674 488 681 ·
643 630 825 725 Forma
848 626 1053 722 minoris
1076 641 1226 724 mutae
1249 629 1301 723 in
1325 622 1479 723 Stein.
1503 620 1978 750 'aDuceLnopoldo

1206 742 1391 845 statuta.

574 936 577 941 -
673 862 785 960 Hec
811 860 877 957 611
897 860 1060 957 forma
1072 877 1123 957 et
1141 860 1323 958 iusticia
1350 862 1495 959 Mute
1509 859 1713 957 minoris
1745 860 1798 955 in
1819 852 1961 955 Stein
1984 857 2068 955 ab·

560 978 801 1080 seruanda
820 1012 850 1074 a
871 980 1019 1085 Duce
1041 978 1293 1107 Livpuldo
1318 996 1369 1086 et
1393 976 1581 1075 cunctis
1606 974 1992 1073 ministerialibus
2016 990 2068 1075 et
2153 1041 2159 1049 -

559 1100 753 1196 ciuibus
771 1096 961 1195 Austrie
996 1096 1199 1191 firmiter
1220 1096 1444 1193 instituta.

533 1235 535 1239 ’
674 1217 817 1312 Ratis
855 1214 1063 1312 onenses
1108 1214 1172 1318 de
1205 1230 1574 1343 wagengwant.
1620 1214 1686 1310 iii.
1722 1212 1913 1315 talenta·
1956 1242 2065 1337 per·

464 1380 471 1396 ·
556 1334 762 1431 loluant.
818 1349 919 1427 tem
946 1330 1009 1426 (16
1039 1330 1190 1428 Savm
1260 1363 1516 1429 annorum.
1539 1332 1605 1426 lx.
1631 1330 1875 1427 denarios.
1902 1343 1952 1423 et
1972 1360 2066 1456 pro

242 1521 276 1564 ,,
502 1558 505 1564 ,
558 1450 1178 1575 wisodedeNaui.xxm1.
1241 1454 1451 1549 enarios.
1500 1517 1502 1525 ι

382 1578 388 1589 “
675 1566 968 1687 Notandum
1024 1567 1126 1663 uod
1146 1569 1296 1667 lweui
1319 1570 1498 1667 Latini.
1518 1581 1571 1663 et
1593 1566 1739 1663 Ciues
1761 1564 1826 1661 de
1839 1558 1994 1661 neue.
2016 1579 2068 1660 et

560 1686 766 1782 vniuerfi
802 1690 944 1826 super
978 1600 1299 1812 llatisponam
1345 1685 1590 1815 constituti
1625 1683 1688 1779 (16
1722 1696 2067 1811 wageugwant

560 1806 765 1902 soluant.
797 1806 911 1902 inur-
927 1806 1134 1901 ialenta.
1162 1804 1298 1900 etde
1322 1804 1483 1900 Saum.
1509 1803 1644 1899 lxxx.
1670 1801 1914 1901 denarios.
1937 1799 2018 1893 Ins
2046 1852 2066 1877 ·

558 1920 736 2050 perde
762 1923 983 2051 qualibet
1001 1924 1117 2017 naui
1139 1923 1203 2019 ad
1225 1921 1454 2019 weilode.
1477 1922 1627 2017 xxiiii.
1674 1919 1918 2015 denarios.

496 2060 535 2131 ¹.
632 2097 641 2107 ·
673 2042 800 2137 Item
838 2042 1145 2169 putauienses
1184 2040 1267 2134 sub
1301 2038 1479 2135 eodem
1502 2052 1645 2165 patto
1666 2036 1861 2132 soluent
1882 2034 1945 2129 de
1968 2066 2065 2129 wa·

558 2189 657 2288 gen
740 2176 840 2256 ant.
871 2160 986 2256 iiiior·
1005 2158 1206 2254 talenta.
1220 2174 1270 2253 et
1294 2155 1357 2251 (16
1381 2158 1551 2251 Savm.
1568 2156 1700 2251 lxxx.
1725 2153 1970 2249 denarios.

407 2377 414 2391 .
466 2348 469 2357 -
699 2293 800 2373 tem
820 2275 1216 2403 Ratilponenles.
1241 2272 1571 2371 Patauienles.
1596 2272 1765 2370 Sweui
1785 2271 1965 2368 Latini.
2001 2284 2063 2364 et.
2138 2388 2142 2395 ἡ

485 2410 509 2466 -‘
555 2392 666 2492 Hos
695 2398 789 2489 ites
824 2392 888 2491 (16
921 2425 1213 2520 quacunque
1226 2392 1440 2511 Ciuitate
1464 2390 1547 2486 uel
1570 2389 1799 2518 Regione
1825 2388 2064 2484 uenerint.

555 2513 611 2607 Si
658 2428 890 2633 luxerint
935 2513 1254 2604 mercimonia
1275 2588 1277 2591 .
1299 2510 1464 2605 chrum
1548 2522 1635 2602 ant
1677 2506 1860 2603 scilicet
1891 2520 2064 2631 utpote

557 2625 1032 2752 ι6116113615,61166616.
1065 2641 1116 2721 et
1140 2627 1237 2720 alia
1256 2624 1458 2720 fimilia..
1503 2656 1530 2721 e
1553 2624 1648 2719 hiis
1670 2624 1862 2721 loluant
1881 2636 2064 2715 mutam

560 2742 824 2838 secundum
845 2744 1065 2870 precium
1085 2757 1137 2837 et
1159 2743 1519 2837 ellimacionem
1540 2740 1759 2837 habitam
1790 2737 1853 2835 ad
1906 2737 2064 2836 ondus

486 2868 490 2875 ’
561 2860 887 2957 Savmmonis.
947 2860 1003 2955 Si
1015 2890 1136 2962 uero
1160 2860 1390 2987 chaligas.
1406 2851 1727 2969 almvcia'uel
1740 2856 1835 2983 alia
1847 2772 2065 2953 611161110-
2167 2880 2172 2885 ·

563 2976 648 3073 dia
670 2977 865 3076 dvxerit
886 2976 1027 3074 infru
1047 2980 1131 3074 xii.
1153 2980 1292 3105 paria
1327 2976 1596 3074 constituta.
1633 2977 1802 3074 amicis
1825 2974 1920 3072 luis
1944 2971 2069 3071 dati--

562 3127 628 3192 ua
646 3095 799 3191 nichil
825 3096 983 3191 soluat
1002 3093 1135 3191 inde.
1379 3173 1384 3184 .
2204 3185 2206 3188 ,

525 3267 571 3277 ·-
681 3211 928 3317 institores
962 3212 1025 3308 de
1047 3215 1318 3311 minoribus
1352 3213 1595 3310 mercibus
1617 3213 1648 3306 fi
1672 3211 1856 3310 fuerint
1878 3212 1961 3306 ain
1982 3238 2065 3304 ua·
2324 3303 2334 3316 ,

402 3366 406 3371 ’
563 3331 672 3427 lore
694 3328 769 3434 ud
786 3332 1006 3456 precium
1027 3331 1262 3456 ponderis
1286 3333 1589 3434 iovmmonis
1620 3331 1813 3426 soluant
1835 3328 1966 3425 inde.
1997 3327 2063 3422 lx.

293 3516 319 3564 ,.
410 3472 415 3479 ·
564 3446 811 3543 denarios.
834 3447 998 3543 fiuer'o
1020 3451 1338 3577 minusquam
1349 3448 1560 3546 fveritin
1585 3447 1885 3544 estimatione
1920 3447 2067 3546 vuius

449 3622 452 3626 ι
562 3565 860 3662 lovmmonis
890 3565 1086 3662 soluent
1117 3567 1234 3664 inde
1270 3582 1326 3662 ut
1349 3565 1498 3664 fuerit
1525 3563 1589 3662 de
1632 3565 1920 3670 sovmmone
1965 3561 2065 3660 elli·

561 3699 761 3778 matum.
1344 3757 1346 3761 .
1666 3733 1679 3746 -

263 3888 275 3900 ,
603 3917 613 3938 α
648 3803 873 3940 ‘Omnes
900 3803 1198 3944 generaliter
1236 3781 1562 3900 aduenientes
1595 3799 1917 4014 cuivscvncpue
1950 3829 2065 3894 con·
2173 3845 2179 3855 κ

392 3960 395 3968 ·
446 4005 450 4018 ,
532 4007 537 4013 .
561 3915 774 4015 dicroms
797 3916 1232 4019 fuennthomines.
1246 3918 1308 4016 de
1334 3920 1632 4017 centenario
1656 3948 1767 4034 cere
1791 3917 1842 4020 lo
1865 3930 2067 4012 uant.·v.‘

538 4135 543 4144 Α
568 4033 814 4141 denarios.
841 4034 904 4131 de
927 4037 1095 4162 lapide
1130 4038 1321 4136 lanusi.
1365 4038 1635 4135 denarium.
1669 4035 1731 4131 de
1767 4033 1822 4158 C.
1844 4033 2074 4129 Curibus.

472 4239 475 4243 ,
564 4149 659 4246 lrue
683 4149 772 4251 fint
793 4150 1060 4250 decaluate
1082 4153 1176 4250 flue
1198 4186 1316 4252 non.
1333 4157 1403 4252 .L.
1424 4156 1669 4252 denarios.
1694 4150 1756 4247 (16
1780 4153 2064 4248 centenario

569 4265 820 4364 curduani.
860 4273 941 4365 xii.
975 4271 1232 4384 denarios.
1261 4273 1337 4369 de.
1363 4305 1403 4367 c.
1428 4274 1620 4400 agninis
1644 4268 1836 4365 cutibus
1859 4265 2068 4382 soluens.

564 4389 632 4487 vi.
680 4382 923 4483 denarios.
955 4386 1018 4494 de
1051 4387 1104 4483 C.
1137 4391 1441 4516 asperiolinis'
1480 4389 1685 4484 cutibus.
1726 4418 1771 4480 v.
1817 4385 2065 4482 denarios.

415 4542 420 4556 ·
564 4502 662 4597 De.
694 4535 735 4597 c.
764 4504 1003 4630 leporinis
1025 4507 1284 4632 pelliculis.
1315 4542 1361 4603 v.
1395 4506 1637 4604 denarios.
1660 4506 1745 4601 De
1772 4503 1825 4600 C.
1847 4503 2066 4600 vitulinis

568 4619 773 4716 cutibus.
813 4626 879 4717 vi.
922 4622 1166 4720 denarios.
1207 4624 1270 4719 de
1319 4625 1606 4722 centenario
1641 4623 1728 4742 Sta
1761 4623 1813 4716 ni
1857 4619 2064 4760 (sturmi)

565 4739 647 4833 xii
679 4735 922 4836 denarios.
994 4741 1077 4838 De
1113 4742 1403 4839 centenario
1432 4743 1585 4867 cupri.
1617 4742 1679 4834 vi.
1742 4767 1950 4835 enanos.
1981 4734 2062 4840 De

1885 4883 2008 4952 cen·
