<?xml version="1.0" encoding="UTF-8"?>
<!DOCTYPE html PUBLIC "-//W3C//DTD XHTML 1.0 Transitional//EN"
    "http://www.w3.org/TR/xhtml1/DTD/xhtml1-transitional.dtd">
<html xmlns="http://www.w3.org/1999/xhtml" xml:lang="en" lang="en">
 <head>
  <title>
</title>
<meta http-equiv="Content-Type" content="text/html;charset=utf-8" />
  <meta name='ocr-system' content='tesseract 3.04.00' />
  <meta name='ocr-capabilities' content='ocr_page ocr_carea ocr_par ocr_line ocrx_word'/>
</head>
<body>
  <div class='ocr_page' id='page_1' title='image "./rerumavstriacar00raucgoog_0247.png"; bbox 0 0 4717 6050; ppageno 0'>
   <div class='ocr_carea' id='block_1_1' title="bbox 567 370 1613 574">
    <p class='ocr_par' dir='ltr' id='par_1_1' title="bbox 567 370 1613 574">
     <span class='ocr_line' id='line_1_1' title="bbox 567 370 1613 574; baseline 0.005 -52"><span class='ocrx_word' id='word_1_1' title='bbox 567 372 710 541; x_wconf 47' lang='lat' dir='ltr'><strong>&#39;mg</strong></span> <span class='ocrx_word' id='word_1_2' title='bbox 1028 502 1031 509; x_wconf 93' lang='lat'>.</span> <span class='ocrx_word' id='word_1_3' title='bbox 1173 370 1613 574; x_wconf 60' lang='lat' dir='ltr'><strong>muoucui</strong></span> 
     </span>
    </p>
   </div>
   <div class='ocr_carea' id='block_1_2' title="bbox 576 628 2275 774">
    <p class='ocr_par' dir='ltr' id='par_1_2' title="bbox 576 628 2275 774">
     <span class='ocr_line' id='line_1_2' title="bbox 576 628 2275 774; baseline 0.012 -27"><span class='ocrx_word' id='word_1_4' title='bbox 576 646 737 747; x_wconf 90' lang='lat' dir='ltr'><strong>Multi</strong></span> <span class='ocrx_word' id='word_1_5' title='bbox 775 670 898 755; x_wconf 84' lang='lat' dir='ltr'><strong>vero</strong></span> <span class='ocrx_word' id='word_1_6' title='bbox 923 672 988 739; x_wconf 86' lang='lat' dir='ltr'><strong>ex</strong></span> <span class='ocrx_word' id='word_1_7' title='bbox 1009 654 1119 739; x_wconf 84' lang='lat' dir='ltr'><strong>vtre</strong></span> <span class='ocrx_word' id='word_1_8' title='bbox 1155 668 1219 741; x_wconf 90' lang='lat' dir='ltr'><strong>ue</strong></span> <span class='ocrx_word' id='word_1_9' title='bbox 1243 628 1385 774; x_wconf 77' lang='lat' dir='ltr'><strong>purte</strong></span> <span class='ocrx_word' id='word_1_10' title='bbox 1406 654 1587 747; x_wconf 88' lang='lat' dir='ltr'><strong>mortui</strong></span> <span class='ocrx_word' id='word_1_11' title='bbox 1609 654 1729 752; x_wconf 84' lang='lat' dir='ltr'><strong>sunt.</strong></span> <span class='ocrx_word' id='word_1_12' title='bbox 1762 665 1971 762; x_wconf 90' lang='lat' dir='ltr'><strong>etmulti</strong></span> <span class='ocrx_word' id='word_1_13' title='bbox 1998 674 2107 767; x_wconf 85' lang='lat' dir='ltr'><strong>vul·</strong></span> <span class='ocrx_word' id='word_1_14' title='bbox 2267 666 2275 697; x_wconf 88' lang='lat'><em>&#39;</em></span> 
     </span>
    </p>
   </div>
   <div class='ocr_carea' id='block_1_3' title="bbox 451 760 2106 4983">
    <p class='ocr_par' dir='ltr' id='par_1_3' title="bbox 451 760 2106 4983">
     <span class='ocr_line' id='line_1_3' title="bbox 574 760 2104 905; baseline 0.014 -43"><span class='ocrx_word' id='word_1_15' title='bbox 574 766 791 889; x_wconf 76' lang='lat' dir='ltr'><strong>neribus¹</strong></span> <span class='ocrx_word' id='word_1_16' title='bbox 808 760 1071 905; x_wconf 37' lang='lat' dir='ltr'><strong>debilitati..</strong></span> <span class='ocrx_word' id='word_1_17' title='bbox 1143 760 1325 869; x_wconf 81' lang='lat' dir='ltr'><strong>andem</strong></span> <span class='ocrx_word' id='word_1_18' title='bbox 1338 768 1752 895; x_wconf 66' lang='lat' dir='ltr'><strong>Vnga&#39;riuictoria</strong></span> <span class='ocrx_word' id='word_1_19' title='bbox 1769 782 1928 905; x_wconf 83' lang='lat' dir='ltr'><strong>potiti.</strong></span> <span class='ocrx_word' id='word_1_20' title='bbox 1962 787 2104 884; x_wconf 88' lang='lat' dir='ltr'><strong>nobi·</strong></span> 
     </span>
     <span class='ocr_line' id='line_1_4' title="bbox 497 888 2106 1015; baseline 0.012 -34"><span class='ocrx_word' id='word_1_21' title='bbox 497 924 501 933; x_wconf 93' lang='lat'>·</span> <span class='ocrx_word' id='word_1_22' title='bbox 574 888 731 982; x_wconf 86' lang='lat' dir='ltr'><strong>liores</strong></span> <span class='ocrx_word' id='word_1_23' title='bbox 759 914 824 979; x_wconf 89' lang='lat' dir='ltr'><strong>ex</strong></span> <span class='ocrx_word' id='word_1_24' title='bbox 845 912 918 977; x_wconf 80' lang='lat' dir='ltr'><strong>eis</strong></span> <span class='ocrx_word' id='word_1_25' title='bbox 942 894 1322 1007; x_wconf 85' lang='lat' dir='ltr'><strong>capuuauerunt</strong></span> <span class='ocrx_word' id='word_1_26' title='bbox 1356 918 1419 980; x_wconf 86' lang='lat' dir='ltr'><strong>ex</strong></span> <span class='ocrx_word' id='word_1_27' title='bbox 1440 902 1579 983; x_wconf 86' lang='lat' dir='ltr'><strong>tanta</strong></span> <span class='ocrx_word' id='word_1_28' title='bbox 1601 892 1927 1015; x_wconf 81' lang='lat' dir='ltr'><strong>multitudiue.</strong></span> <span class='ocrx_word' id='word_1_29' title='bbox 1952 904 2045 998; x_wconf 71' lang='lat' dir='ltr'><strong>uim</strong></span> <span class='ocrx_word' id='word_1_30' title='bbox 2067 904 2106 1000; x_wconf 85' lang='lat' dir='ltr'><strong>l.</strong></span> 
     </span>
     <span class='ocr_line' id='line_1_5' title="bbox 573 999 2103 1143; baseline 0.011 -42"><span class='ocrx_word' id='word_1_31' title='bbox 573 1006 844 1134; x_wconf 75' lang='lat' dir='ltr'><strong>fugierunt„</strong></span> <span class='ocrx_word' id='word_1_32' title='bbox 868 999 1052 1125; x_wconf 87' lang='lat' dir='ltr'><strong>reliqui</strong></span> <span class='ocrx_word' id='word_1_33' title='bbox 1075 1031 1250 1109; x_wconf 84' lang='lat' dir='ltr'><strong>omnes</strong></span> <span class='ocrx_word' id='word_1_34' title='bbox 1275 1017 1361 1097; x_wconf 86' lang='lat' dir='ltr'><strong>aut</strong></span> <span class='ocrx_word' id='word_1_35' title='bbox 1377 1006 1682 1135; x_wconf 86' lang='lat' dir='ltr'><strong>interierunt.</strong></span> <span class='ocrx_word' id='word_1_36' title='bbox 1709 1027 1792 1107; x_wconf 84' lang='lat' dir='ltr'><strong>aut</strong></span> <span class='ocrx_word' id='word_1_37' title='bbox 1813 1019 2000 1143; x_wconf 89' lang='lat' dir='ltr'><strong>captiui</strong></span> <span class='ocrx_word' id='word_1_38' title='bbox 2020 1019 2103 1118; x_wconf 63' lang='lat' dir='ltr'><strong>abss</strong></span> 
     </span>
     <span class='ocr_line' id='line_1_6' title="bbox 574 1118 2100 1235; baseline 0.011 -16"><span class='ocrx_word' id='word_1_39' title='bbox 574 1124 714 1219; x_wconf 89' lang='lat' dir='ltr'><strong>ducti</strong></span> <span class='ocrx_word' id='word_1_40' title='bbox 749 1122 872 1215; x_wconf 75' lang='lat' dir='ltr'><strong>tunt.</strong></span> <span class='ocrx_word' id='word_1_41' title='bbox 934 1118 1119 1215; x_wconf 79' lang='lat' dir='ltr'><strong>Sancta</strong></span> <span class='ocrx_word' id='word_1_42' title='bbox 1141 1119 1403 1216; x_wconf 82' lang='lat' dir='ltr'><strong>Elizabcth</strong></span> <span class='ocrx_word' id='word_1_43' title='bbox 1437 1124 1603 1219; x_wconf 78' lang='lat' dir='ltr'><strong>multis</strong></span> <span class='ocrx_word' id='word_1_44' title='bbox 1639 1128 1882 1229; x_wconf 83' lang='lat' dir='ltr'>miraculis</span> <span class='ocrx_word' id='word_1_45' title='bbox 1913 1132 2100 1235; x_wconf 81' lang='lat' dir='ltr'><strong>claruit.</strong></span> 
     </span>
     <span class='ocr_line' id='line_1_7' title="bbox 569 1236 2100 1381; baseline 0.008 -44"><span class='ocrx_word' id='word_1_46' title='bbox 569 1242 853 1381; x_wconf 78' lang='lat' dir='ltr'><strong>Episcopus</strong></span> <span class='ocrx_word' id='word_1_47' title='bbox 877 1236 1312 1368; x_wconf 81' lang='lat' dir='ltr'><strong>Pabenbergenfis.</strong></span> <span class='ocrx_word' id='word_1_48' title='bbox 1345 1254 1396 1333; x_wconf 89' lang='lat' dir='ltr'><strong>et</strong></span> <span class='ocrx_word' id='word_1_49' title='bbox 1420 1237 1522 1335; x_wconf 84' lang='lat' dir='ltr'><strong>dux</strong></span> <span class='ocrx_word' id='word_1_50' title='bbox 1543 1242 1814 1341; x_wconf 84' lang='lat' dir='ltr'><strong>Karinthie.</strong></span> <span class='ocrx_word' id='word_1_51' title='bbox 1846 1254 2018 1379; x_wconf 81' lang='lat' dir='ltr'><strong>rapina</strong></span> <span class='ocrx_word' id='word_1_52' title='bbox 2049 1271 2100 1351; x_wconf 88' lang='lat' dir='ltr'><strong>et</strong></span> 
     </span>
     <span class='ocr_line' id='line_1_8' title="bbox 572 1354 2100 1469; baseline 0.007 -12"><span class='ocrx_word' id='word_1_53' title='bbox 572 1357 884 1457; x_wconf 77' lang='lat' dir='ltr'><strong>incendmte</strong></span> <span class='ocrx_word' id='word_1_54' title='bbox 908 1371 1079 1451; x_wconf 85' lang='lat' dir='ltr'><strong>mutua</strong></span> <span class='ocrx_word' id='word_1_55' title='bbox 1096 1354 1423 1457; x_wconf 74' lang='lat' dir='ltr'><strong>uastauerunt</strong></span> <span class='ocrx_word' id='word_1_56' title='bbox 1453 1356 1554 1455; x_wconf 89' lang='lat' dir='ltr'><strong>Sed</strong></span> <span class='ocrx_word' id='word_1_57' title='bbox 1583 1362 1635 1453; x_wconf 92' lang='lat' dir='ltr'><strong>in</strong></span> <span class='ocrx_word' id='word_1_58' title='bbox 1659 1365 1883 1462; x_wconf 84' lang='lat' dir='ltr'><strong>omnibus</strong></span> <span class='ocrx_word' id='word_1_59' title='bbox 1917 1400 1945 1464; x_wconf 89' lang='lat' dir='ltr'><strong>e</strong></span> <span class='ocrx_word' id='word_1_60' title='bbox 1981 1372 2100 1469; x_wconf 85' lang='lat' dir='ltr'><strong>isco·</strong></span> 
     </span>
     <span class='ocr_line' id='line_1_9' title="bbox 570 1474 2096 1605; baseline 0.005 -29"><span class='ocrx_word' id='word_1_61' title='bbox 570 1511 666 1605; x_wconf 85' lang='lat' dir='ltr'><strong>pus</strong></span> <span class='ocrx_word' id='word_1_62' title='bbox 700 1478 752 1573; x_wconf 83' lang='lat' dir='ltr'><strong>su</strong></span> <span class='ocrx_word' id='word_1_63' title='bbox 791 1478 924 1573; x_wconf 85' lang='lat' dir='ltr'><strong>erior</strong></span> <span class='ocrx_word' id='word_1_64' title='bbox 956 1474 1149 1600; x_wconf 82' lang='lat' dir='ltr'><strong>semper</strong></span> <span class='ocrx_word' id='word_1_65' title='bbox 1185 1476 1360 1571; x_wconf 84' lang='lat' dir='ltr'><strong>extitit</strong></span> <span class='ocrx_word' id='word_1_66' title='bbox 1382 1474 1619 1574; x_wconf 82' lang='lat' dir='ltr'><strong>Ciuitates</strong></span> <span class='ocrx_word' id='word_1_67' title='bbox 1651 1495 1702 1576; x_wconf 89' lang='lat' dir='ltr'><strong>et</strong></span> <span class='ocrx_word' id='word_1_68' title='bbox 1727 1480 1917 1581; x_wconf 80' lang='lat' dir='ltr'><strong>castella</strong></span> <span class='ocrx_word' id='word_1_69' title='bbox 1995 1492 2096 1585; x_wconf 76' lang='lat' dir='ltr'><strong>ucis</strong></span> 
     </span>
     <span class='ocr_line' id='line_1_10' title="bbox 572 1590 2096 1727; baseline 0.006 -36"><span class='ocrx_word' id='word_1_70' title='bbox 572 1595 755 1694; x_wconf 91' lang='lat' dir='ltr'><strong>combu</strong></span> <span class='ocrx_word' id='word_1_71' title='bbox 792 1612 843 1690; x_wconf 91' lang='lat' dir='ltr'><strong>1t.</strong></span> <span class='ocrx_word' id='word_1_72' title='bbox 868 1607 921 1689; x_wconf 89' lang='lat' dir='ltr'><strong>et</strong></span> <span class='ocrx_word' id='word_1_73' title='bbox 941 1590 1188 1687; x_wconf 79' lang='lat' dir='ltr'><strong>destruxit.</strong></span> <span class='ocrx_word' id='word_1_74' title='bbox 1248 1590 1510 1719; x_wconf 83' lang='lat' dir='ltr'><strong>Postquam</strong></span> <span class='ocrx_word' id='word_1_75' title='bbox 1531 1598 1823 1695; x_wconf 84' lang='lat' dir='ltr'><strong>venerabilis</strong></span> <span class='ocrx_word' id='word_1_76' title='bbox 1844 1608 2096 1727; x_wconf 84' lang='lat' dir='ltr'><strong>patauien·</strong></span> 
     </span>
     <span class='ocr_line' id='line_1_11' title="bbox 573 1708 2094 1843; baseline 0.007 -34"><span class='ocrx_word' id='word_1_77' title='bbox 573 1716 628 1815; x_wconf 88' lang='lat' dir='ltr'><strong>lis</strong></span> <span class='ocrx_word' id='word_1_78' title='bbox 665 1716 831 1843; x_wconf 84' lang='lat' dir='ltr'><strong>episco</strong></span> <span class='ocrx_word' id='word_1_79' title='bbox 870 1743 927 1806; x_wconf 82' lang='lat' dir='ltr'><strong>us</strong></span> <span class='ocrx_word' id='word_1_80' title='bbox 964 1708 1266 1805; x_wconf 82' lang='lat' dir='ltr'><strong>Gebh&#39;ardus</strong></span> <span class='ocrx_word' id='word_1_81' title='bbox 1296 1739 1437 1805; x_wconf 86' lang='lat' dir='ltr'><strong>rome</strong></span> <span class='ocrx_word' id='word_1_82' title='bbox 1470 1711 1531 1807; x_wconf 85' lang='lat' dir='ltr'><strong>ab</strong></span> <span class='ocrx_word' id='word_1_83' title='bbox 1574 1715 1855 1841; x_wconf 83' lang='lat' dir='ltr'><strong>episcopatu</strong></span> <span class='ocrx_word' id='word_1_84' title='bbox 1888 1722 2094 1819; x_wconf 76' lang='lat' dir='ltr'><strong>celliisct</strong></span> 
     </span>
     <span class='ocr_line' id='line_1_12' title="bbox 571 1823 2093 1956; baseline 0.005 -29"><span class='ocrx_word' id='word_1_85' title='bbox 571 1830 787 1930; x_wconf 83' lang='lat' dir='ltr'><strong>succellit</strong></span> <span class='ocrx_word' id='word_1_86' title='bbox 834 1864 847 1927; x_wconf 90' lang='lat'>1</span> <span class='ocrx_word' id='word_1_87' title='bbox 884 1830 900 1923; x_wconf 94' lang='lat' dir='ltr'><strong>i</strong></span> <span class='ocrx_word' id='word_1_88' title='bbox 923 1824 1187 1956; x_wconf 83' lang='lat' dir='ltr'><strong>Ruegerus</strong></span> <span class='ocrx_word' id='word_1_89' title='bbox 1209 1823 1511 1927; x_wconf 83' lang='lat' dir='ltr'><strong>venerabilis</strong></span> <span class='ocrx_word' id='word_1_90' title='bbox 1533 1828 1608 1925; x_wconf 91' lang='lat' dir='ltr'><strong>Ch</strong></span> <span class='ocrx_word' id='word_1_91' title='bbox 1646 1834 1846 1928; x_wconf 77' lang='lat' dir='ltr'><strong>emensis</strong></span> <span class='ocrx_word' id='word_1_92' title='bbox 1882 1840 2093 1936; x_wconf 86' lang='lat' dir='ltr'><strong>ecclelic.</strong></span> 
     </span>
     <span class='ocr_line' id='line_1_13' title="bbox 571 1862 2094 2168; baseline 0.004 -121"><span class='ocrx_word' id='word_1_93' title='bbox 571 1954 883 2163; x_wconf 74' lang='lat' dir='ltr'><strong>episcopus.ss</strong></span> <span class='ocrx_word' id='word_1_94' title='bbox 909 1946 1161 2160; x_wconf 57' lang='lat' dir='ltr'><strong>Ekbelptpls</strong></span> <span class='ocrx_word' id='word_1_95' title='bbox 1203 1946 1510 2162; x_wconf 42' lang='lat' dir='ltr'><strong>generpllpilip</strong></span> <span class='ocrx_word' id='word_1_96' title='bbox 1533 1862 2094 2168; x_wconf 35' lang='lat' dir='ltr'><strong>l{ziliecpplcrgcngchpi·</strong></span> 
     </span>
     <span class='ocr_line' id='line_1_14' title="bbox 569 2074 2096 2323; baseline 0.002 -38"><span class='ocrx_word' id='word_1_97' title='bbox 569 2074 1136 2323; x_wconf 56' lang='lat' dir='ltr'><strong>{tutulum</strong></span> <span class='ocrx_word' id='word_1_98' title='bbox 1150 2094 1222 2301; x_wconf 69' lang='lat' dir='ltr'><strong>tl</strong></span> <span class='ocrx_word' id='word_1_99' title='bbox 1235 2094 1362 2321; x_wconf 67' lang='lat' dir='ltr'><strong>ioli</strong></span> <span class='ocrx_word' id='word_1_100' title='bbox 1378 2096 2096 2310; x_wconf 52' lang='lat' dir='ltr'><strong>calituaiiffessssliinmiil</strong></span> 
     </span>
     <span class='ocr_line' id='line_1_15' title="bbox 567 2299 2091 2405; baseline 0.001 -2"><span class='ocrx_word' id='word_1_101' title='bbox 567 2306 768 2403; x_wconf 87' lang='lat' dir='ltr'>Ducem</span> <span class='ocrx_word' id='word_1_102' title='bbox 791 2300 1253 2403; x_wconf 80' lang='lat' dir='ltr'><strong>austrieFridmcum</strong></span> <span class='ocrx_word' id='word_1_103' title='bbox 1275 2299 1526 2397; x_wconf 79' lang='lat' dir='ltr'><strong>liberatur.</strong></span> <span class='ocrx_word' id='word_1_104' title='bbox 1535 2300 1649 2397; x_wconf 85' lang='lat' dir='ltr'><strong>Poll</strong></span> <span class='ocrx_word' id='word_1_105' title='bbox 1669 2317 1893 2400; x_wconf 80' lang='lat' dir='ltr'><strong>octauam</strong></span> <span class='ocrx_word' id='word_1_106' title='bbox 1915 2308 2091 2405; x_wconf 80' lang='lat' dir='ltr'><strong>lohan-</strong></span> 
     </span>
     <span class='ocr_line' id='line_1_16' title="bbox 567 2418 2090 2550; baseline 0.003 -31"><span class='ocrx_word' id='word_1_107' title='bbox 567 2429 646 2521; x_wconf 87' lang='lat' dir='ltr'><strong>nis</strong></span> <span class='ocrx_word' id='word_1_108' title='bbox 682 2422 900 2550; x_wconf 83' lang='lat' dir='ltr'><strong>baptiste.</strong></span> <span class='ocrx_word' id='word_1_109' title='bbox 961 2420 1101 2519; x_wconf 85' lang='lat' dir='ltr'>Idem</span> <span class='ocrx_word' id='word_1_110' title='bbox 1125 2420 1248 2517; x_wconf 89' lang='lat' dir='ltr'><strong>Dux</strong></span> <span class='ocrx_word' id='word_1_111' title='bbox 1270 2418 1520 2528; x_wconf 83' lang='lat' dir='ltr'><strong>Fridricus</strong></span> <span class='ocrx_word' id='word_1_112' title='bbox 1540 2418 1831 2515; x_wconf 77' lang='lat' dir='ltr'><strong>Bchemiam</strong></span> <span class='ocrx_word' id='word_1_113' title='bbox 1872 2430 2090 2524; x_wconf 82' lang='lat' dir='ltr'><strong>exercitu</strong></span> 
     </span>
     <span class='ocr_line' id='line_1_17' title="bbox 566 2538 2084 2682; baseline 0.003 -45"><span class='ocrx_word' id='word_1_114' title='bbox 566 2543 787 2638; x_wconf 80' lang='lat' dir='ltr'><strong>maximo</strong></span> <span class='ocrx_word' id='word_1_115' title='bbox 809 2556 1116 2669; x_wconf 80' lang='lat' dir='ltr'><strong>congregato</strong></span> <span class='ocrx_word' id='word_1_116' title='bbox 1149 2543 1336 2635; x_wconf 80' lang='lat' dir='ltr'><strong>intrare</strong></span> <span class='ocrx_word' id='word_1_117' title='bbox 1365 2538 1565 2652; x_wconf 84' lang='lat' dir='ltr'><strong>volens,</strong></span> <span class='ocrx_word' id='word_1_118' title='bbox 1594 2538 1819 2679; x_wconf 84' lang='lat' dir='ltr'><strong>processit</strong></span> <span class='ocrx_word' id='word_1_119' title='bbox 1839 2541 1987 2682; x_wconf 83' lang='lat' dir='ltr'><strong>vique</strong></span> <span class='ocrx_word' id='word_1_120' title='bbox 2023 2544 2084 2642; x_wconf 80' lang='lat' dir='ltr'><strong>ad</strong></span> 
     </span>
     <span class='ocr_line' id='line_1_18' title="bbox 567 2656 2085 2787; baseline 0.004 -36"><span class='ocrx_word' id='word_1_121' title='bbox 567 2658 770 2753; x_wconf 84' lang='lat' dir='ltr'><strong>castrum</strong></span> <span class='ocrx_word' id='word_1_122' title='bbox 794 2659 969 2758; x_wconf 85' lang='lat' dir='ltr'><strong>Vetav.</strong></span> <span class='ocrx_word' id='word_1_123' title='bbox 1002 2658 1139 2787; x_wconf 91' lang='lat' dir='ltr'><strong>quod</strong></span> <span class='ocrx_word' id='word_1_124' title='bbox 1174 2660 1293 2753; x_wconf 86' lang='lat' dir='ltr'><strong>licet</strong></span> <span class='ocrx_word' id='word_1_125' title='bbox 1329 2656 1558 2751; x_wconf 86' lang='lat' dir='ltr'><strong>omnibus</strong></span> <span class='ocrx_word' id='word_1_126' title='bbox 1595 2660 1979 2785; x_wconf 72' lang='lat' dir='ltr'><strong>mexpugnebile</strong></span> <span class='ocrx_word' id='word_1_127' title='bbox 2012 2666 2085 2765; x_wconf 84' lang='lat' dir='ltr'><strong>vi·</strong></span> 
     </span>
     <span class='ocr_line' id='line_1_19' title="bbox 461 2772 2084 2913; baseline 0.006 -45"><span class='ocrx_word' id='word_1_128' title='bbox 461 2792 464 2800; x_wconf 78' lang='grc'>’</span> <span class='ocrx_word' id='word_1_129' title='bbox 566 2774 770 2871; x_wconf 88' lang='lat' dir='ltr'><strong>deretur</strong></span> <span class='ocrx_word' id='word_1_130' title='bbox 795 2782 1110 2907; x_wconf 82' lang='lat' dir='ltr'><strong>expugnauit</strong></span> <span class='ocrx_word' id='word_1_131' title='bbox 1143 2794 1195 2873; x_wconf 89' lang='lat' dir='ltr'><strong>et</strong></span> <span class='ocrx_word' id='word_1_132' title='bbox 1217 2778 1315 2873; x_wconf 79' lang='lat' dir='ltr'><strong>aliu</strong></span> <span class='ocrx_word' id='word_1_133' title='bbox 1338 2773 1551 2903; x_wconf 83' lang='lat' dir='ltr'><strong>quedam</strong></span> <span class='ocrx_word' id='word_1_134' title='bbox 1572 2772 1719 2869; x_wconf 84' lang='lat' dir='ltr'><strong>castra</strong></span> <span class='ocrx_word' id='word_1_135' title='bbox 1778 2774 1856 2913; x_wconf 29' lang='lat' dir='ltr'><strong>‘ost</strong></span> <span class='ocrx_word' id='word_1_136' title='bbox 1875 2776 2084 2900; x_wconf 82' lang='lat' dir='ltr'><strong>predicti</strong></span> 
     </span>
     <span class='ocr_line' id='line_1_20' title="bbox 566 2892 2083 3019; baseline 0.007 -34"><span class='ocrx_word' id='word_1_137' title='bbox 566 2895 996 3019; x_wconf 82' lang='lat' dir='ltr'><strong>expugnucionem</strong></span> <span class='ocrx_word' id='word_1_138' title='bbox 1030 2898 1113 2993; x_wconf 82' lang='lat' dir='ltr'><strong>libi</strong></span> <span class='ocrx_word' id='word_1_139' title='bbox 1156 2896 1359 2992; x_wconf 88' lang='lat' dir='ltr'><strong>suerunt</strong></span> <span class='ocrx_word' id='word_1_140' title='bbox 1404 2892 1597 2989; x_wconf 75' lang='lat' dir='ltr'><strong>traditu.</strong></span> <span class='ocrx_word' id='word_1_141' title='bbox 1658 2894 1738 2986; x_wconf 84' lang='lat' dir='ltr'><strong>Au</strong></span> <span class='ocrx_word' id='word_1_142' title='bbox 1775 2922 1881 2987; x_wconf 77' lang='lat' dir='ltr'><strong>icus</strong></span> <span class='ocrx_word' id='word_1_143' title='bbox 1914 2896 1987 2990; x_wconf 87' lang='lat' dir='ltr'><strong>ita</strong></span> <span class='ocrx_word' id='word_1_144' title='bbox 2021 2928 2083 2995; x_wconf 84' lang='lat' dir='ltr'><strong>uc</strong></span> 
     </span>
     <span class='ocr_line' id='line_1_21' title="bbox 564 2928 2085 3144; baseline 0.007 -41"><span class='ocrx_word' id='word_1_145' title='bbox 564 3039 654 3104; x_wconf 86' lang='lat' dir='ltr'><strong>rex</strong></span> <span class='ocrx_word' id='word_1_146' title='bbox 680 3010 937 3110; x_wconf 84' lang='lat' dir='ltr'><strong>bohemie.&#39;</strong></span> <span class='ocrx_word' id='word_1_147' title='bbox 952 3016 1089 3144; x_wconf 85' lang='lat' dir='ltr'><strong>quod</strong></span> <span class='ocrx_word' id='word_1_148' title='bbox 1114 3031 1303 3114; x_wconf 70' lang='lat' dir='ltr'><strong>mutam</strong></span> <span class='ocrx_word' id='word_1_149' title='bbox 1323 3009 1688 3108; x_wconf 84' lang='lat' dir='ltr'><strong>multitudinem</strong></span> <span class='ocrx_word' id='word_1_150' title='bbox 1721 3011 1967 3108; x_wconf 81' lang='lat' dir='ltr'><strong>exercitus</strong></span> <span class='ocrx_word' id='word_1_151' title='bbox 1987 2928 2085 3113; x_wconf 51' lang='lat' dir='ltr'><strong>‘lia-</strong></span> 
     </span>
     <span class='ocr_line' id='line_1_22' title="bbox 564 3125 2084 3262; baseline 0.007 -42"><span class='ocrx_word' id='word_1_152' title='bbox 564 3127 720 3223; x_wconf 82' lang='lat' dir='ltr'><strong>beret</strong></span> <span class='ocrx_word' id='word_1_153' title='bbox 765 3145 819 3248; x_wconf 86' lang='lat' dir='ltr'><strong>et</strong></span> <span class='ocrx_word' id='word_1_154' title='bbox 850 3129 1052 3228; x_wconf 80' lang='lat' dir='ltr'><strong>castrum</strong></span> <span class='ocrx_word' id='word_1_155' title='bbox 1083 3133 1364 3262; x_wconf 79' lang='lat' dir='ltr'><strong>predictum</strong></span> <span class='ocrx_word' id='word_1_156' title='bbox 1398 3125 1723 3258; x_wconf 75' lang='lat' dir='ltr'><strong>expugnasset.</strong></span> <span class='ocrx_word' id='word_1_157' title='bbox 1766 3127 1949 3225; x_wconf 83' lang='lat' dir='ltr'><strong>seceffit</strong></span> <span class='ocrx_word' id='word_1_158' title='bbox 1991 3163 2084 3260; x_wconf 88' lang='lat' dir='ltr'><strong>per</strong></span> 
     </span>
     <span class='ocr_line' id='line_1_23' title="bbox 565 3241 2079 3378; baseline 0.007 -42"><span class='ocrx_word' id='word_1_159' title='bbox 565 3241 743 3370; x_wconf 84' lang='lat' dir='ltr'><strong>filuam.</strong></span> <span class='ocrx_word' id='word_1_160' title='bbox 764 3245 886 3342; x_wconf 88' lang='lat' dir='ltr'><strong>licet</strong></span> <span class='ocrx_word' id='word_1_161' title='bbox 897 3251 1219 3378; x_wconf 75' lang='lat' dir='ltr'><strong>proposuisset</strong></span> <span class='ocrx_word' id='word_1_162' title='bbox 1238 3255 1291 3346; x_wconf 91' lang='lat' dir='ltr'><strong>in</strong></span> <span class='ocrx_word' id='word_1_163' title='bbox 1304 3277 1481 3372; x_wconf 86' lang='lat' dir='ltr'><strong>campo</strong></span> <span class='ocrx_word' id='word_1_164' title='bbox 1491 3273 1752 3342; x_wconf 76' lang='lat' dir='ltr'><strong>‘occurrere</strong></span> <span class='ocrx_word' id='word_1_165' title='bbox 1765 3245 1898 3340; x_wconf 88' lang='lat' dir='ltr'><strong>Duci</strong></span> <span class='ocrx_word' id='word_1_166' title='bbox 1910 3247 2079 3346; x_wconf 78' lang='lat' dir='ltr'><strong>Profa·</strong></span> 
     </span>
     <span class='ocr_line' id='line_1_24' title="bbox 563 3361 2080 3504; baseline 0.007 -49"><span class='ocrx_word' id='word_1_167' title='bbox 563 3375 618 3472; x_wconf 83' lang='lat' dir='ltr'><strong>to</strong></span> <span class='ocrx_word' id='word_1_168' title='bbox 644 3391 733 3458; x_wconf 87' lang='lat' dir='ltr'><strong>rex</strong></span> <span class='ocrx_word' id='word_1_169' title='bbox 747 3361 960 3491; x_wconf 83' lang='lat' dir='ltr'><strong>Vngarie</strong></span> <span class='ocrx_word' id='word_1_170' title='bbox 987 3370 1115 3466; x_wconf 83' lang='lat' dir='ltr'><strong>circa</strong></span> <span class='ocrx_word' id='word_1_171' title='bbox 1134 3367 1547 3494; x_wconf 85' lang='lat' dir='ltr'><strong>festumomnium</strong></span> <span class='ocrx_word' id='word_1_172' title='bbox 1562 3362 2080 3504; x_wconf 69' lang='lat' dir='ltr'><strong>lanctummAustriam</strong></span> 
     </span>
     <span class='ocr_line' id='line_1_25' title="bbox 565 3483 2082 3583; baseline 0.005 -10"><span class='ocrx_word' id='word_1_173' title='bbox 565 3509 676 3574; x_wconf 92' lang='lat' dir='ltr'><strong>cum</strong></span> <span class='ocrx_word' id='word_1_174' title='bbox 704 3509 783 3574; x_wconf 86' lang='lat' dir='ltr'><strong>ma</strong></span> <span class='ocrx_word' id='word_1_175' title='bbox 816 3509 883 3578; x_wconf 90' lang='lat' dir='ltr'><strong>no</strong></span> <span class='ocrx_word' id='word_1_176' title='bbox 907 3488 1128 3583; x_wconf 84' lang='lat' dir='ltr'><strong>exercitu</strong></span> <span class='ocrx_word' id='word_1_177' title='bbox 1162 3490 1354 3582; x_wconf 76' lang='lat' dir='ltr'><strong>intrans</strong></span> <span class='ocrx_word' id='word_1_178' title='bbox 1418 3497 1573 3576; x_wconf 85' lang='lat' dir='ltr'><strong>artem</strong></span> <span class='ocrx_word' id='word_1_179' title='bbox 1608 3495 1738 3575; x_wconf 85' lang='lat' dir='ltr'><strong>terre</strong></span> <span class='ocrx_word' id='word_1_180' title='bbox 1770 3483 2008 3581; x_wconf 78' lang='lat' dir='ltr'><strong>incendio</strong></span> <span class='ocrx_word' id='word_1_181' title='bbox 2028 3501 2082 3583; x_wconf 86' lang='lat' dir='ltr'><strong>et</strong></span> 
     </span>
     <span class='ocr_line' id='line_1_26' title="bbox 564 3509 2078 3739; baseline 0.009 -51"><span class='ocrx_word' id='word_1_182' title='bbox 564 3599 751 3724; x_wconf 84' lang='lat' dir='ltr'><strong>rapinis</strong></span> <span class='ocrx_word' id='word_1_183' title='bbox 772 3509 1053 3700; x_wconf 61' lang='lat' dir='ltr'><strong>‹leuastauic</strong></span> <span class='ocrx_word' id='word_1_184' title='bbox 1078 3621 1131 3700; x_wconf 86' lang='lat' dir='ltr'><strong>et</strong></span> <span class='ocrx_word' id='word_1_185' title='bbox 1151 3515 1592 3739; x_wconf 50' lang='lat' dir='ltr'><strong>usqueudllulciu</strong></span> <span class='ocrx_word' id='word_1_186' title='bbox 1604 3599 1836 3737; x_wconf 62' lang='lat' dir='ltr'><strong>pecuenit</strong></span> <span class='ocrx_word' id='word_1_187' title='bbox 1855 3613 1908 3738; x_wconf 70' lang='lat' dir='ltr'><strong>&#39;et</strong></span> <span class='ocrx_word' id='word_1_188' title='bbox 1929 3602 2078 3700; x_wconf 89' lang='lat' dir='ltr'><strong>inter·</strong></span> 
     </span>
     <span class='ocr_line' id='line_1_27' title="bbox 562 3709 2078 3845; baseline 0.007 -40"><span class='ocrx_word' id='word_1_189' title='bbox 562 3709 708 3810; x_wconf 86' lang='lat' dir='ltr'><strong>fectis</strong></span> <span class='ocrx_word' id='word_1_190' title='bbox 740 3717 910 3814; x_wconf 88' lang='lat' dir='ltr'><strong>multis</strong></span> <span class='ocrx_word' id='word_1_191' title='bbox 941 3717 1128 3817; x_wconf 80' lang='lat' dir='ltr'><strong>deluo</strong></span> <span class='ocrx_word' id='word_1_192' title='bbox 1161 3719 1408 3844; x_wconf 67' lang='lat' dir='ltr'><strong>exemltu,</strong></span> <span class='ocrx_word' id='word_1_193' title='bbox 1439 3715 2078 3845; x_wconf 68' lang='lat' dir='ltr'><strong>etmobilibluquibusdam</strong></span> 
     </span>
     <span class='ocr_line' id='line_1_28' title="bbox 548 3831 2076 3960; baseline 0.006 -36"><span class='ocrx_word' id='word_1_194' title='bbox 548 3835 840 3954; x_wconf 78' lang='lat' dir='ltr'><strong>captiuatis.</strong></span> <span class='ocrx_word' id='word_1_195' title='bbox 875 3850 927 3930; x_wconf 85' lang='lat' dir='ltr'><strong>et</strong></span> <span class='ocrx_word' id='word_1_196' title='bbox 955 3840 1160 3934; x_wconf 73' lang='lat' dir='ltr'><strong>ciuitate</strong></span> <span class='ocrx_word' id='word_1_197' title='bbox 1185 3839 1378 3935; x_wconf 83' lang='lat' dir='ltr'><strong>Tewcu</strong></span> <span class='ocrx_word' id='word_1_198' title='bbox 1404 3831 1649 3930; x_wconf 79' lang='lat' dir='ltr'><strong>exulta-et</strong></span> <span class='ocrx_word' id='word_1_199' title='bbox 1670 3831 1734 3927; x_wconf 90' lang='lat' dir='ltr'><strong>de</strong></span> <span class='ocrx_word' id='word_1_200' title='bbox 1772 3833 1986 3960; x_wconf 74' lang='lat' dir='ltr'><strong>epulata.</strong></span> <span class='ocrx_word' id='word_1_201' title='bbox 2009 3837 2076 3933; x_wconf 83' lang='lat' dir='ltr'><strong>vl·</strong></span> 
     </span>
     <span class='ocr_line' id='line_1_29' title="bbox 564 3949 2080 4080; baseline 0.009 -42"><span class='ocrx_word' id='word_1_202' title='bbox 564 3951 717 4044; x_wconf 85' lang='lat' dir='ltr'><strong>terius</strong></span> <span class='ocrx_word' id='word_1_203' title='bbox 789 3949 1028 4050; x_wconf 88' lang='lat' dir='ltr'><strong>rocedere</strong></span> <span class='ocrx_word' id='word_1_204' title='bbox 1062 3985 1166 4050; x_wconf 87' lang='lat' dir='ltr'><strong>non</strong></span> <span class='ocrx_word' id='word_1_205' title='bbox 1200 3955 1388 4050; x_wconf 72' lang='lat' dir='ltr'><strong>valene</strong></span> <span class='ocrx_word' id='word_1_206' title='bbox 1420 3980 1513 4080; x_wconf 91' lang='lat' dir='ltr'><strong>pro</strong></span> <span class='ocrx_word' id='word_1_207' title='bbox 1534 3978 1720 4060; x_wconf 85' lang='lat' dir='ltr'><strong>concor</strong></span> <span class='ocrx_word' id='word_1_208' title='bbox 1755 3953 1803 4046; x_wconf 84' lang='lat' dir='ltr'><strong>ia</strong></span> <span class='ocrx_word' id='word_1_209' title='bbox 1831 3950 2080 4051; x_wconf 83' lang='lat' dir='ltr'><strong>laborauit</strong></span> 
     </span>
     <span class='ocr_line' id='line_1_30' title="bbox 566 3985 2078 4188; baseline 0.01 -34"><span class='ocrx_word' id='word_1_210' title='bbox 566 4091 663 4188; x_wconf 83' lang='lat' dir='ltr'><strong>qua</strong></span> <span class='ocrx_word' id='word_1_211' title='bbox 684 3985 853 4166; x_wconf 53' lang='lat' dir='ltr'><strong>halitu</strong></span> <span class='ocrx_word' id='word_1_212' title='bbox 877 4075 1142 4168; x_wconf 86' lang='lat' dir='ltr'><strong>reuertitur</strong></span> <span class='ocrx_word' id='word_1_213' title='bbox 1163 4073 1226 4168; x_wconf 85' lang='lat' dir='ltr'><strong>ad</strong></span> <span class='ocrx_word' id='word_1_214' title='bbox 1258 4074 1353 4166; x_wconf 84' lang='lat' dir='ltr'><strong>sua.</strong></span> <span class='ocrx_word' id='word_1_215' title='bbox 1377 4085 1428 4165; x_wconf 89' lang='lat' dir='ltr'><strong>et</strong></span> <span class='ocrx_word' id='word_1_216' title='bbox 1457 4097 1585 4174; x_wconf 67' lang='lat' dir='ltr'>non=</span> <span class='ocrx_word' id='word_1_217' title='bbox 1623 4068 1690 4162; x_wconf 88' lang='lat' dir='ltr'><strong>ost</strong></span> <span class='ocrx_word' id='word_1_218' title='bbox 1723 4069 1931 4164; x_wconf 87' lang='lat' dir='ltr'><strong>multum</strong></span> <span class='ocrx_word' id='word_1_219' title='bbox 1958 4085 2078 4169; x_wconf 89' lang='lat' dir='ltr'><strong>tem·</strong></span> 
     </span>
     <span class='ocr_line' id='line_1_31' title="bbox 564 4099 2079 4319; baseline 0.01 -47"><span class='ocrx_word' id='word_1_220' title='bbox 564 4210 658 4304; x_wconf 90' lang='lat' dir='ltr'><strong>pus</strong></span> <span class='ocrx_word' id='word_1_221' title='bbox 678 4181 811 4284; x_wconf 90' lang='lat' dir='ltr'><strong>idem</strong></span> <span class='ocrx_word' id='word_1_222' title='bbox 830 4215 922 4282; x_wconf 81' lang='lat' dir='ltr'><strong>rex</strong></span> <span class='ocrx_word' id='word_1_223' title='bbox 931 4189 1134 4319; x_wconf 83' lang='lat' dir='ltr'><strong>pacifice</strong></span> <span class='ocrx_word' id='word_1_224' title='bbox 1156 4184 1390 4286; x_wconf 84' lang='lat' dir='ltr'><strong>exeundo</strong></span> <span class='ocrx_word' id='word_1_225' title='bbox 1399 4099 1795 4314; x_wconf 57' lang='lat' dir='ltr'><strong>procellasque</strong></span> <span class='ocrx_word' id='word_1_226' title='bbox 1812 4184 1876 4278; x_wconf 84' lang='lat' dir='ltr'><strong>ad</strong></span> <span class='ocrx_word' id='word_1_227' title='bbox 1898 4217 2079 4286; x_wconf 82' lang='lat' dir='ltr'><strong>nouum</strong></span> 
     </span>
     <span class='ocr_line' id='line_1_32' title="bbox 567 4299 2080 4444; baseline 0.008 -52"><span class='ocrx_word' id='word_1_228' title='bbox 567 4299 831 4397; x_wconf 81' lang='lat' dir='ltr'><strong>ciuitatem.</strong></span> <span class='ocrx_word' id='word_1_229' title='bbox 875 4319 928 4399; x_wconf 90' lang='lat' dir='ltr'><strong>et</strong></span> <span class='ocrx_word' id='word_1_230' title='bbox 969 4300 1037 4400; x_wconf 88' lang='lat' dir='ltr'><strong>ibi</strong></span> <span class='ocrx_word' id='word_1_231' title='bbox 1082 4337 1112 4399; x_wconf 82' lang='lat' dir='ltr'>a</span> <span class='ocrx_word' id='word_1_232' title='bbox 1143 4305 1270 4402; x_wconf 88' lang='lat' dir='ltr'><strong>duce</strong></span> <span class='ocrx_word' id='word_1_233' title='bbox 1302 4302 1575 4400; x_wconf 83' lang='lat' dir='ltr'><strong>honorilice</strong></span> <span class='ocrx_word' id='word_1_234' title='bbox 1606 4303 1862 4444; x_wconf 81' lang='lat' dir='ltr'><strong>susceptus.</strong></span> <span class='ocrx_word' id='word_1_235' title='bbox 1895 4304 2080 4404; x_wconf 77' lang='lat' dir='ltr'><strong>firmam</strong></span> 
     </span>
     <span class='ocr_line' id='line_1_33' title="bbox 503 4417 2082 4542; baseline 0.01 -35"><span class='ocrx_word' id='word_1_236' title='bbox 503 4522 507 4531; x_wconf 23' lang='lat'>¹</span> <span class='ocrx_word' id='word_1_237' title='bbox 549 4417 885 4515; x_wconf 77' lang='lat' dir='ltr'><strong>&#39;concordiam</strong></span> <span class='ocrx_word' id='word_1_238' title='bbox 926 4422 1190 4517; x_wconf 80' lang='lat' dir='ltr'><strong>iniuerunt</strong></span> <span class='ocrx_word' id='word_1_239' title='bbox 1222 4423 1318 4518; x_wconf 88' lang='lat' dir='ltr'><strong>Vbi</strong></span> <span class='ocrx_word' id='word_1_240' title='bbox 1357 4421 1489 4517; x_wconf 78' lang='lat' dir='ltr'><strong>sacta</strong></span> <span class='ocrx_word' id='word_1_241' title='bbox 1520 4419 1797 4542; x_wconf 78' lang='lat' dir='ltr'><strong>concprdia.</strong></span> <span class='ocrx_word' id='word_1_242' title='bbox 1827 4418 1960 4516; x_wconf 87' lang='lat' dir='ltr'><strong>idem</strong></span> <span class='ocrx_word' id='word_1_243' title='bbox 1990 4455 2082 4523; x_wconf 82' lang='lat' dir='ltr'><strong>rex</strong></span> 
     </span>
     <span class='ocr_line' id='line_1_34' title="bbox 564 4531 2079 4668; baseline 0.009 -44"><span class='ocrx_word' id='word_1_244' title='bbox 564 4531 739 4628; x_wconf 90' lang='lat' dir='ltr'><strong>ducem</strong></span> <span class='ocrx_word' id='word_1_245' title='bbox 764 4538 1085 4634; x_wconf 82' lang='lat' dir='ltr'><strong>amicabiliter</strong></span> <span class='ocrx_word' id='word_1_246' title='bbox 1117 4537 1180 4636; x_wconf 85' lang='lat' dir='ltr'><strong>ad</strong></span> <span class='ocrx_word' id='word_1_247' title='bbox 1201 4542 1455 4668; x_wconf 77' lang='lat' dir='ltr'><strong>ungariam</strong></span> <span class='ocrx_word' id='word_1_248' title='bbox 1486 4539 1725 4634; x_wconf 74' lang='lat' dir='ltr'><strong>inuitauit.</strong></span> <span class='ocrx_word' id='word_1_249' title='bbox 1787 4538 1908 4658; x_wconf 73' lang='lat' dir='ltr'><strong>Quo‘</strong></span> <span class='ocrx_word' id='word_1_250' title='bbox 1939 4537 2079 4638; x_wconf 80' lang='lat' dir='ltr'><strong>facto</strong></span> 
     </span>
     <span class='ocr_line' id='line_1_35' title="bbox 451 4654 2076 4783; baseline 0.012 -42"><span class='ocrx_word' id='word_1_251' title='bbox 451 4682 457 4693; x_wconf 90' lang='lat'><strong>·</strong></span> <span class='ocrx_word' id='word_1_252' title='bbox 567 4679 676 4742; x_wconf 91' lang='lat' dir='ltr'><strong>cum</strong></span> <span class='ocrx_word' id='word_1_253' title='bbox 702 4679 882 4776; x_wconf 88' lang='lat' dir='ltr'><strong>magno</strong></span> <span class='ocrx_word' id='word_1_254' title='bbox 920 4657 1155 4752; x_wconf 81' lang='lat' dir='ltr'><strong>comitatu</strong></span> <span class='ocrx_word' id='word_1_255' title='bbox 1173 4657 1438 4783; x_wconf 73' lang='lat' dir='ltr'><strong>Vnguriam</strong></span> <span class='ocrx_word' id='word_1_256' title='bbox 1459 4656 1670 4754; x_wconf 83' lang='lat' dir='ltr'><strong>veniens</strong></span> <span class='ocrx_word' id='word_1_257' title='bbox 1692 4654 1962 4757; x_wconf 85' lang='lat' dir='ltr'><strong>honorifice</strong></span> <span class='ocrx_word' id='word_1_258' title='bbox 1987 4659 2076 4759; x_wconf 77' lang='lat' dir='ltr'><strong>sul-</strong></span> 
     </span>
     <span class='ocr_line' id='line_1_36' title="bbox 568 4768 2008 4983; baseline 0.012 -123"><span class='ocrx_word' id='word_1_259' title='bbox 568 4783 754 4894; x_wconf 87' lang='lat' dir='ltr'><strong>ceptus.</strong></span> <span class='ocrx_word' id='word_1_260' title='bbox 777 4768 922 4889; x_wconf 89' lang='lat' dir='ltr'><strong>redijt</strong></span> <span class='ocrx_word' id='word_1_261' title='bbox 942 4771 1004 4865; x_wconf 86' lang='lat' dir='ltr'><strong>ad</strong></span> <span class='ocrx_word' id='word_1_262' title='bbox 1026 4774 1124 4868; x_wconf 81' lang='lat' dir='ltr'><strong>sua.</strong></span> <span class='ocrx_word' id='word_1_263' title='bbox 1928 4885 2008 4983; x_wconf 47' lang='lat' dir='ltr'><strong>M·</strong></span> 
     </span>
    </p>
   </div>
   <div class='ocr_carea' id='block_1_4' title="bbox 0 0 2364 6050">
    <p class='ocr_par' dir='ltr' id='par_1_4' title="bbox 0 0 2364 6050">
     <span class='ocr_line' id='line_1_37' title="bbox 0 0 2364 6050; baseline 0 6"><span class='ocrx_word' id='word_1_264' title='bbox 0 0 2364 6050; x_wconf 95' lang='lat' dir='ltr'><strong> </strong></span> 
     </span>
    </p>
   </div>
  </div>
 </body>
</html>
