4717 6050
179 471 188 480 ·
296 470 300 478 ·
360 396 366 411 “
518 466 522 473 ·
582 380 674 569 'ru
1014 423 1076 547 n'.
1123 454 1632 547 nnrrounnrvn

283 754 287 762 .
441 754 446 761 .
685 660 1090 778 ‘luctabuntur
1114 660 1395 795 Swaigariis
1420 668 1473 765 in
1493 664 1673 761 Enstal.
1855 722 1860 731 ι

533 875 541 887 ,
674 780 965 881 Chvnradus
989 780 1304 881 deStovtam
1329 816 1441 882 cum
1461 784 1653 913 magnis
1677 780 1827 880 caseis
1852 776 2069 887 etdebet

551 904 750 1024 habere.
774 932 820 1004 x.
846 930 1026 1005 vaccas
1057 916 1110 999 et
1134 900 1249 1000 huic
1276 901 1537 1001 dabuntur.
1562 902 1663 1013 viii.
1681 900 1869 998 Marce.

295 1128 300 1138 ,
552 1024 560 1037 ”
669 1022 794 1115 Item
826 1020 881 1113 in
913 1016 1250 1115 Maierclrsarn
1279 1020 1538 1119 dabuntur.
1572 1020 1672 1117 viii.
1693 1017 1884 1146 Marce.
1919 1032 1971 1116 et
1992 1017 2068 1117 illi
2246 1070 2249 1077 ·

439 1134 444 1150 '
528 1136 739 1238 debent
756 1135 954 1234 habere.
971 1168 1018 1233 x.
1043 1144 1234 1238 vaccas.

572 1314 577 1321 =
669 1258 794 1351 Item
825 1257 879 1349 in
902 1254 1106 1350 Lvezen
1136 1252 1468 1383 Engelbertus
1493 1252 1709 1355 habebit.
1739 1286 1787 1351 x·
1807 1257 1983 1354 vacca!
2013 1265 2066 1349 et

550 1372 808 1469 dabuntur.
832 1372 948 1467 viiii.
974 1370 1160 1475 Marce.
1310 1422 1314 1432 ·

430 1523 436 1537 ·
667 1492 791 1585 Item
819 1487 1123 1589 -Chvnradus
1159 1487 1345 1589 ibidem
1379 1486 1596 1587 hebebit.
1627 1508 1674 1584 rc
1698 1514 1872 1587 vaccas
1908 1502 1961 1589 et
1981 1486 2066 1584 du·

550 1607 1102 1704 buntur.vu11.Merce.
1707 1637 1739 1720 ,·
1933 1682 1935 1689 ,

656 1726 794 1822 ‚Item
828 1724 1095 1855 Wolflinus
1129 1722 1195 1819 de
1228 1720 1516 1855 Stekelltige
1550 1722 1716 1822 habet.
1748 1754 1795 1823 x.
1817 1749 1991 1822 vaccas
2014 1734 2067 1818 et

552 1840 812 1937 dabuntur.
825 1843 933 1936 viii.
954 1840 1140 1938 Marce.
1370 1850 1373 1857 ’
1555 1908 1561 1923 ·

425 1960 431 1970 '
517 1965 518 1968 ‘
666 1962 791 2055 Item
821 1958 1015 2057 Vlricus
1041 1993 1105 2057 an
1127 1958 1217 2056 der
1237 1959 1428 2089 prukke
1453 1962 1618 2059 habet.
1643 1992 1686 2057 x.
1710 1986 1886 2073 vaccas
1900 1970 1962 2055 et
1987 1953 2069 2058 dai,

550 2076 746 2174 buntur.
767 2078 866 2171 viii.
886 2076 1073 2173 Marce.
1639 2101 1644 2109 “

435 2276 444 2283 .
656 2198 790 2297 ,Item
816 2224 909 2320 pro
933 2196 1138 2293 minoris
1171 2197 1366 2295 Ouibus
1385 2196 1622 2293 videlicet
1643 2210 1695 2292 et
1706 2194 1816 2290 aliis
1838 2191 1903 2289 ad
1913 2190 2065 2291 swai-

551 2342 638 2447 gas
662 2315 970 2445 pertinentes
1002 2314 1093 2434 (ita
1126 2316 1298 2437 Codex)
1331 2314 1592 2411 dabuntur.
1616 2314 1717 2415 viii.
1740 2311 1929 2409 Marce.
1986 2324 1991 2338 ‘
2025 2392 2027 2395 .
2061 2412 2067 2433 ,
2345 2364 2346 2401 ÷

797 2431 856 2524 In
879 2430 1042 2526 officio
1065 2431 1383 2561 Mychahelis
1408 2430 1602 2529 trefevl.
1639 2483 1642 2492 =
2059 2552 2070 2564 ι
2342 2404 2346 2595 ⁴

740 2548 941 2642 Summe
959 2549 1121 2645 tritici.
1145 2550 1210 2643 xl.
1234 2550 1410 2645 Modii.
1432 2565 1614 2689 preter.
1635 2549 1685 2643 ii.
1706 2546 1966 2645 mensuras.
2065 2606 2070 2661 .·

448 2705 452 2715 ¹
612 2774 618 2781 ,
743 2663 1139 2764 Summaauene.
1165 2668 1263 2762 xlv.
1288 2666 1464 2761 Modir.
1498 2668 1630 2765 etii.
1654 2666 1889 2783 mensure.
2059 2750 2066 2761 .

741 2780 944 2876 Summa
964 2782 1149 2880 Mellis.
1178 2786 1279 2881 xvi.
1305 2814 1438 2878 vrne.
1767 2790 1779 2803 '
2116 2869 2119 2877 .

470 3007 474 3015 .
740 2895 943 2994 Summa
982 2931 1249 3027 porcorum
1289 2898 1352 2996 de
1381 2902 1591 3030 supanis.
1619 2901 1717 2999 xvi.
1752 2896 1960 3030 quilibet
1980 2928 2067 3005 va·

550 3009 676 3112 lens.
705 3018 787 3111 xil.
809 3015 1054 3115 denarios.
1080 3061 1086 3070 ·

486 3171 491 3176 ·
738 3133 940 3231 Summa
962 3135 1199 3234 fabarum.
1222 3135 1360 3234 xlvii.
1384 3135 1760 3249 Chnvfmetzen.

243 3371 250 3385 .
670 3251 805 3381 Lyas
840 3254 900 3346 in¹
917 3253 1082 3351 officio
1117 3256 1335 3353 Lachen.
1376 3254 1578 3353 Summa
1608 3253 1771 3349 tritici.
1801 3251 1866 3348 lx.
1887 3249 2065 3351 Modii.
2149 3294 2154 3303 ·

366 3475 372 3484 ¹
492 3425 497 3430 ·
551 3381 733 3493 preter.
759 3371 806 3463 ii.
828 3371 1091 3466 mensuras.

742 3487 938 3582 Summa
961 3519 1133 3584 auene.
1155 3505 1353 3585 centum
1376 3487 1540 3584 Modii
1560 3505 1611 3587 et
1630 3517 1769 3586 vnum

620 3717 705 3812 ffb
743 3603 943 3700 Summa
967 3637 1232 3730 porcorum
1255 3607 1319 3702 de
1342 3605 1541 3733 supanis.
1562 3639 1610 3704 x.
1628 3635 1735 3732 pro.
1756 3599 2062 3702 xildenariIs
2214 3642 2218 3650 ·

586 3747 618 3810 u
656 3752 672 3812 1
710 3737 772 3815 et.
2257 3802 2262 3812 .

552 3745 586 3843 q
648 3956 657 3975 ι
742 3841 840 3934 De.
863 3838 962 3934 viii.
984 3840 1144 3936 hubIs.
1166 3841 1283 3935 viiii.
1304 3841 1443 3969 porci
1475 3840 1683 3967 quilibet
1703 3839 1887 3938 valens.
1909 3869 1957 3934 x.
1980 3837 2063 3934 de·

555 3983 734 4054 nanos.
929 4021 933 4027 ι
1191 4013 1194 4019 Α
1287 3987 1289 3992 ’
1696 3993 1700 4002 ·
1915 4013 1916 4018 ¹

560 4117 564 4124 ·
649 4189 676 4210 ..
743 4076 826 4172 De
847 4073 998 4168 hubis.
1019 4073 1120 4169 lxx.
1142 4065 1195 4169 et
1214 4103 1338 4170 vnus
1359 4079 1542 4202 porcus
1557 4076 1768 4202 'quilibet
1791 4105 1896 4204 pro.
1920 4105 1963 4170 v.
1978 4069 2063 4168 de·

556 4216 718 4288 naurs.
1341 4251 1346 4266 ι
1483 4213 1508 4268 .·
1688 4290 1691 4297 ,
1919 4253 1923 4262 «

744 4303 943 4402 Summa
962 4305 1197 4405 fabarum.
1217 4340 1292 4406 xc.
1313 4309 1672 4407 chovfrnetzen.

744 4421 944 4545 Summa
966 4427 1162 4520 Ouium.
1184 4458 1230 4520 x.
1291 4429 1490 4524 Summa
1512 4459 1762 4555 agnorum.
1785 4452 1864 4523 xx,
1986 4435 1994 4450 '

514 4636 519 4642 .
664 4651 668 4658 .
740 4541 934 4638 Summa
957 4544 1132 4640 mellis.
1161 4575 1207 4639 x.
1227 4578 1352 4644 vrne
1378 4545 1771 4643 Wazzerember.

1825 4777 2004 4877 Adhuc
2047 4853 2051 4860 .
