4717 6050
547 427 553 434 -
631 374 1265 466 -*-1I1Aa1v.ur;-·
1444 430 1449 448 ·
1571 395 1765 492 ‘fw-

182 641 187 648 ·
278 609 389 696 tem
427 583 669 692 venissent
719 569 968 717 aplicare
1009 587 1277 686 voluerunt
1325 601 1380 688 et
1430 584 1515 688 nid
1552 587 1819 706 *Dominae
2014 583 2023 640 ’

277 713 430 812 Deus
460 712 619 810 custos
648 709 720 804 fui
754 723 833 821 et,
862 719 967 810 tam
994 736 1161 832 prope
1177 737 1273 836 eas
1302 707 1683 835 perdidissemus.
1712 713 1809 811 La·
1898 758 1911 771 ·

282 833 496 931 chrimas
530 827 772 942 emisisses,
802 825 833 921 si
870 823 1153 948 sanguinem
1186 827 1452 924 humanum
1487 843 1589 924 tam
1620 828 1723 925 late
1753 838 1808 929 in

253 949 556 1074 *parietibus
586 947 787 1042 nauium
818 957 871 1038 et
899 943 1069 1057 tectis,
1101 947 1449 1069 ethorciouea
1475 947 1807 1046 carnium-hu·

282 1091 537 1162 manarum
576 1064 759 1203 sparsas
799 1075 900 1156 tam
940 1060 1288 1158 habundanter
1339 1063 1545 1159 vidisses.
1567 1079 1591 1118 '-
1619 1067 1806 1164 Verum

277 1181 375 1278 hec
405 1182 677 1278 infor-tama
743 1182 865 1276 rima
895 1183 1034 1276 nauis
1059 1179 1296 1297 sustinuit,
1325 1182 1372 1278 se
1411 1197 1584 1277 nentes
1604 1179 1710 1280 sere
1729 1187 1804 1278 ni·

271 1298 365 1393 Iris.
425 1302 482 1418 Ins
502 1303 550 1395 vi
587 1301 669 1395 'lia
699 1213 849 1395 susce
880 1301 1124 1393 exereitus
1155 1298 1286 1426 regis
1318 1330 1372 1416 a,
1432 1297 1615 1396 anubin
1647 1300 1710 1394 ad
1731 1303 1802 1395 ei·
1894 1403 1897 1410 ,

276 1418 488 1514 uitatem
571 1417 801 1546 euburge‘
819 1414 1022 1510 sorensis
1054 1411 1204 1510 eastra·
1245 1417 1433 1556 posuit,
1492 1431 1545 1510 et
1587 1417 1802 1516 secunda
1887 1451 1895 1460 ’

278 1527 403 1627 'seria
429 1535 537 1662 poss
567 1535 718 1630 Pasce
749 1531 989 1630 machinis
1020 1561 1130 1628 eam
1162 1534 1416 1637 ciuitatem
1455 1536 1590 1676 cepit
1630 1531 1799 1631 demo·

276 1650 369 1752 lire
402 1667 453 1748 et
482 1652 683 1780 quidem
713 1651 800 1750 diu
830 1667 982 1748 noctu
1018 1677 1095 1747 ue.
1155 1647 1264 1746 Nos
1307 1653 1439 1746 enim
1479 1653 1561 1748 hro
1602 1651 1798 1750 Vienna
1848 1681 1852 1691 ’
1911 1700 1914 1705 ’

67 1839 72 1894 Ν.
274 1769 496 1864 tonitrua
525 1770 863 1868 machinarum·
891 1680 1127 1910 persdcile
1160 1766 1436 1864 audiuimus
1465 1767 1571 1864 sere
1595 1767 1801 1894 semper.

173 1961 175 1966 .
275 1884 400 1981 Item
429 1887 577 2014 vsque
608 1888 792 1983 sextam
821 1887 995 1980 fenam
1026 1915 1122 2010 que
1153 1885 1250 1979 fuit
1290 1885 1338 1978 se
1409 1913 1499 1981 ens
1542 1884 1649 1980 dies
1690 1886 1799 2010 posi

235 1997 513 2100 'iohannis
545 2019 660 2099 ante
729 2017 886 2098 ortam
916 2003 1120 2096 latinam
1164 1999 1292 2098 duos
1369 2025 1552 2098 orenos
1594 1997 1796 2098 Renen·
1839 2029 1843 2036 ·

190 2152 196 2166 ·
273 2119 348 2213 ses
380 2151 443 2215 ex
473 2120 651 2216 Schrat
730 2122 832 2246 egis
863 2121 1078 2247 Vn'garie
1111 2133 1282 2245 capto,
1379 2122 1430 2214 ui
1473 2117 1568 2213 fuit
1612 2121 1798 2243 capita·

269 2265 397 2330 neus
428 2240 481 2330 in
510 2229 662 2333 castro
692 2239 752 2330 in.
778 2238 976 2333 ciuitate
1006 2235 1176 2332 Prukk
1206 2149 1566 2363 supraqLeytta.
1608 2236 1685 2331 Eo
1711 2234 1796 2334 die

276 2378 467 2462 venere,
493 2383 649 2450 naues
680 2353 910 2450 vndecim
941 2368 1117 2481 magne
1185 2385 1270 2448 mo
1302 2355 1468 2482 alique
1500 2368 1552 2448 et
1582 2353 1796 2478 amplior

311 2501 389 2566 ars
419 2472 489 2565 ita
519 2469 759 2598 grandes,
803 2472 975 2612 quales
1005 2499 1110 2566 non
1144 2385 1261 2589 {unt
1299 2472 1398 2566 vise
1439 2469 1580 2596 supra
1618 2468 1793 2564 Danu·

270 2502 421 2685 dium.
453 2617 625 2684 omnes
669 2619 697 2682 e
758 2617 869 2716 egre
907 2588 1097 2684 munite
1137 2603 1189 2684 et
1228 2584 1293 2683 ad
1332 2587 1520 2683 bellum
1564 2586 1792 2683 ordinate

266 2707 361 2800 mit
390 2719 535 2800 tuem
564 2735 669 2804 wer
715 2722 817 2800 rcut
845 2706 1121 2834 superiores
1152 2720 1365 2832 quatuor
1392 2707 1446 2799 in
1475 2733 1653 2830 magna
1689 2706 1791 2803 sex·

182 2840 189 2849 ·
273 2837 324 2917 ta
353 2819 504 2933 feria,
536 2837 586 2917 et
617 2824 681 2918 he
723 2853 880 2917 naues
921 2822 1002 2918 etsi
1033 2823 1320 2918 innumeros
1364 2820 1492 2947 passe
1536 2822 1625 2916 srnt
1665 2821 1794 2943 (von

269 2935 401 3033 XIII.
432 2937 719 3033 beseczumb
751 2935 817 3033 da
847 2936 955 3035 fuer
985 2937 1016 3031 ss
1045 2933 1185 3034 saren
1217 2937 1383 3035 haben
1404 2939 1639 3061 muessen)
1662 2942 1790 3037 ictus

266 3052 675 3169 bombardarum‚
707 3088 832 3151 vnus
861 3070 1028 3149 tamen
1058 3070 1250 3149 tantum
1279 3058 1332 3149 in
1363 3054 1597 3151 Mantarn
1638 3072 1689 3151 et
1721 3058 1790 3153 al·
1929 3084 1933 3089 ’

269 3184 346 3265 ter
375 3167 762 3296 in-Neunbnrga
792 3174 894 3263 ictu
924 3170 990 3264 ess
1018 3169 1309 3264 interfectus
1330 3171 1394 3286 de
1448 3204 1514 3266 uo
1537 3174 1644 3268 laus
1658 3174 1789 3270 Deo.
1931 3174 1935 3183 ’

269 3283 490 3381 Vidimus
523 3316 607 3381 eas
637 3316 792 3382 naues
822 3285 957 3381 sexta
986 3282 1109 3379 feria
1136 3284 1343 3410 septima
1433 3289 1498 3380 aii
1517 3291 1790 3385 versusno·

272 3416 402 3501 etem
432 3402 538 3525 post
568 3402 825 3499 meridiem
855 3403 980 3499 hora
1010 3416 1188 3497 octaua
1229 3431 1409 3529 magna
1451 3433 1561 3497 eum
1602 3408 1789 3501 exulta·

272 3522 419 3615 aione
450 3531 503 3612 et
532 3513 703 3641 plausu
732 3528 893 3613 tocius
923 3516 1082 3611 nostre
1113 3520 1326 3614 ciuitatis
1356 3519 1643 3615 vicmanus
1675 3524 1787 3617 affe·

209 3674 212 3680 ·
267 3650 437 3733 rentes
469 3632 532 3729 de
563 3634 813 3751 frumento
843 3662 950 3731 mer
979 3631 1080 3729 den
1108 3635 1301 3730 tausent
1329 3650 1484 3751 matt,
1543 3667 1648 3733 mer
1687 3638 1788 3735 den
1943 3702 1950 3715 ·
2000 3688 2006 3701 ·
2055 3684 2061 3691 ·

270 3756 376 3867 z'wa
434 3752 627 3849 tausent
649 3752 824 3849 seitten
848 3753 1137 3881 sweynena‚
1170 3750 1297 3867 mei,
1329 3754 1504 3849 smalcz
1524 3770 1662 3881 prott
1684 3756 1788 3851 vnd

166 3920 169 3931 ·
268 3872 396 3969 fleis
419 3869 516 3965 fine
537 3900 743 3965 numero
777 3884 828 3981 et
857 3869 952 3965 alia
975 3872 1076 3964 vite
1109 3869 1385 3968 necessaria·
1443 3871 1685 4000 Sequenti
1704 3874 1790 3969 die

271 3987 509 4087 videlieet
528 3984 749 4111 Sabatha
768 3988 906 4083 venit
925 3987 1021 4083 huo
1053 3983 1347 4083 duodecima
1381 3992 1550 4105 nauis,
1591 4022 1687 4117 que
1724 4022 1789 4089 ex

270 4120 500 4202 comeatu
532 4102 757 4231 predicto
780 4105 989 4211 nauium
1018 4104 1071 4197 in
1110 4104 1403 4231 Holenburg
1439 4107 1612 4205 relicta
1651 4140 1787 4207 man·
1880 4134 1910 4203 .’

271 4222 353 4337 fit,
411 4222 528 4349 quia
567 4236 748 4319 terram
784 4223 837 4317 in
878 4219 1117 4317 Danubio
1159 4237 1367 4351 tangens
1409 4221 1536 4321 stetit
1575 4226 1785 4324 ibidem:

272 4342 508 4464 venitque
549 4336 778 4464 ampliori
820 4336 1144 4435 admiratione
1184 4356 1353 4465 preter
1391 4344 1609 4440 omnium
1651 4346 1786 4487 spem

271 4458 494 4551 maximis
525 4457 690 4551 multis
720 4468 910 4551 tentata
938 4454 1117 4551 ictibus
1147 4471 1201 4552 et
1228 4458 1534 4555 inimicorum
1574 4462 1789 4565 nauibus

271 4602 427 4700 vsque
459 4570 520 4666 ad
560 4574 755 4668 casuum
788 4574 1298 4769 montewsecum.
1356 4576 1459 4673 Sed
1480 4579 1689 4675 secunda
1711 4579 1785 4673 se·
2014 4686 2021 4697 ,

101 4820 106 4827 .
266 4690 342 4789 ria
368 4688 652 4793 immediate
681 4690 905 4824 sequenti
933 4691 1118 4787 inimici
1135 4692 1369 4793 ,sturmam
1396 4692 1622 4796 fecerunt
1644 4700 1697 4792 in
1718 4700 1785 4795 ci·
1857 4722 1866 4741 ’
1943 4796 1951 4810 ,

946 4808 1092 4939 Yyy
1115 4792 1200 4961 3X¹
1601 4816 1723 4912 uita·
1851 4966 1855 4971 .
1945 4869 1948 4878 ,
2030 4906 2034 4913 .
