<?xml version="1.0" encoding="UTF-8"?>
<!DOCTYPE html PUBLIC "-//W3C//DTD XHTML 1.0 Transitional//EN"
    "http://www.w3.org/TR/xhtml1/DTD/xhtml1-transitional.dtd">
<html xmlns="http://www.w3.org/1999/xhtml" xml:lang="en" lang="en">
 <head>
  <title>
</title>
<meta http-equiv="Content-Type" content="text/html;charset=utf-8" />
  <meta name='ocr-system' content='tesseract 3.04.00' />
  <meta name='ocr-capabilities' content='ocr_page ocr_carea ocr_par ocr_line ocrx_word'/>
</head>
<body>
  <div class='ocr_page' id='page_1' title='image "./rerumavstriacar00raucgoog_0335.png"; bbox 0 0 4717 6050; ppageno 0'>
   <div class='ocr_carea' id='block_1_1' title="bbox 546 387 1760 563">
    <p class='ocr_par' dir='ltr' id='par_1_1' title="bbox 546 387 1760 563">
     <span class='ocr_line' id='line_1_1' title="bbox 546 387 1760 563; baseline 0.002 -51"><span class='ocrx_word' id='word_1_1' title='bbox 546 416 560 444; x_wconf 66' lang='grc'><strong><em>“</em></strong></span> <span class='ocrx_word' id='word_1_2' title='bbox 679 440 758 533; x_wconf 59' lang='grc' dir='ltr'><strong>με.</strong></span> <span class='ocrx_word' id='word_1_3' title='bbox 1080 434 1165 539; x_wconf 63' lang='grc' dir='ltr'><strong>Ν.</strong></span> <span class='ocrx_word' id='word_1_4' title='bbox 1219 387 1760 563; x_wconf 68' lang='lat' dir='ltr'><strong>canonicos</strong></span> 
     </span>
    </p>
   </div>
   <div class='ocr_carea' id='block_1_2' title="bbox 453 618 2147 1210">
    <p class='ocr_par' dir='ltr' id='par_1_2' title="bbox 514 618 2142 853">
     <span class='ocr_line' id='line_1_2' title="bbox 514 618 2142 853; baseline 0.001 -120"><span class='ocrx_word' id='word_1_5' title='bbox 514 726 518 733; x_wconf 88' lang='lat'>.</span> <span class='ocrx_word' id='word_1_6' title='bbox 620 638 691 735; x_wconf 84' lang='lat' dir='ltr'><strong>&#39;ad</strong></span> <span class='ocrx_word' id='word_1_7' title='bbox 725 638 960 736; x_wconf 88' lang='lat' dir='ltr'><strong>illustrem</strong></span> <span class='ocrx_word' id='word_1_8' title='bbox 996 636 1173 735; x_wconf 89' lang='lat' dir='ltr'><strong>ducem</strong></span> <span class='ocrx_word' id='word_1_9' title='bbox 1210 642 1453 740; x_wconf 87' lang='lat' dir='ltr'><strong>albertum</strong></span> <span class='ocrx_word' id='word_1_10' title='bbox 1484 640 1536 733; x_wconf 85' lang='lat' dir='ltr'><strong>itt</strong></span> <span class='ocrx_word' id='word_1_11' title='bbox 1560 628 1832 760; x_wconf 78' lang='lat' dir='ltr'><strong>&#39;Wiennam</strong></span> <span class='ocrx_word' id='word_1_12' title='bbox 1857 618 2142 853; x_wconf 58' lang='lat' dir='ltr'><strong>congregati</strong></span> 
     </span>
    </p>

    <p class='ocr_par' dir='ltr' id='par_1_3' title="bbox 453 756 2147 1210">
     <span class='ocr_line' id='line_1_3' title="bbox 626 756 2143 885; baseline 0 -32"><span class='ocrx_word' id='word_1_13' title='bbox 626 773 896 855; x_wconf 86' lang='lat' dir='ltr'><strong>tractantes</strong></span> <span class='ocrx_word' id='word_1_14' title='bbox 938 759 1162 855; x_wconf 72' lang='lat' dir='ltr'><strong>intense.</strong></span> <span class='ocrx_word' id='word_1_15' title='bbox 1193 763 1324 855; x_wconf 86' lang='lat' dir='ltr'><strong>vltra</strong></span> <span class='ocrx_word' id='word_1_16' title='bbox 1352 759 1457 885; x_wconf 83' lang='lat' dir='ltr'><strong>poli</strong></span> <span class='ocrx_word' id='word_1_17' title='bbox 1489 758 1666 883; x_wconf 81' lang='lat' dir='ltr'><strong>paseha</strong></span> <span class='ocrx_word' id='word_1_18' title='bbox 1696 762 1747 853; x_wconf 85' lang='lat' dir='ltr'><strong>in</strong></span> <span class='ocrx_word' id='word_1_19' title='bbox 1771 786 1974 883; x_wconf 80' lang='lat' dir='ltr'><strong>pragam</strong></span> <span class='ocrx_word' id='word_1_20' title='bbox 2002 756 2025 850; x_wconf 91' lang='lat'><em>1</em></span> <span class='ocrx_word' id='word_1_21' title='bbox 2057 780 2143 853; x_wconf 74' lang='lat' dir='ltr'><strong>em</strong></span> 
     </span>
     <span class='ocr_line' id='line_1_4' title="bbox 453 876 2142 1017; baseline 0.001 -49"><span class='ocrx_word' id='word_1_22' title='bbox 453 918 458 927; x_wconf 94' lang='lat'>·</span> <span class='ocrx_word' id='word_1_23' title='bbox 623 876 877 1017; x_wconf 84' lang='lat' dir='ltr'><strong>principes</strong></span> <span class='ocrx_word' id='word_1_24' title='bbox 921 878 1247 973; x_wconf 76' lang='lat' dir='ltr'><strong>amicabiliter</strong></span> <span class='ocrx_word' id='word_1_25' title='bbox 1283 891 1655 1007; x_wconf 80' lang='lat' dir='ltr'><strong>congregantur.</strong></span> <span class='ocrx_word' id='word_1_26' title='bbox 1710 876 1942 971; x_wconf 88' lang='lat' dir='ltr'><strong>Occurrit</strong></span> <span class='ocrx_word' id='word_1_27' title='bbox 1977 892 2142 994; x_wconf 82' lang='lat' dir='ltr'><strong>autem</strong></span> 
     </span>
     <span class='ocr_line' id='line_1_5' title="bbox 620 987 2147 1210; baseline -0.003 -121"><span class='ocrx_word' id='word_1_28' title='bbox 620 987 718 1091; x_wconf 81' lang='lat' dir='ltr'><strong>this</strong></span> <span class='ocrx_word' id='word_1_29' title='bbox 735 996 908 1210; x_wconf 80' lang='lat' dir='ltr'><strong>lprinci</strong></span> <span class='ocrx_word' id='word_1_30' title='bbox 945 995 1057 1089; x_wconf 90' lang='lat' dir='ltr'><strong>ibus·</strong></span> <span class='ocrx_word' id='word_1_31' title='bbox 1080 995 1180 1091; x_wconf 87' lang='lat' dir='ltr'><strong>dux</strong></span> <span class='ocrx_word' id='word_1_32' title='bbox 1199 993 1436 1091; x_wconf 85' lang='lat' dir='ltr'><strong>Albertus</strong></span> <span class='ocrx_word' id='word_1_33' title='bbox 1459 998 1586 1089; x_wconf 88' lang='lat' dir='ltr'><strong>circa</strong></span> <span class='ocrx_word' id='word_1_34' title='bbox 1605 995 1884 1089; x_wconf 85' lang='lat' dir='ltr'><strong>Wiennam.</strong></span> <span class='ocrx_word' id='word_1_35' title='bbox 1908 1019 2019 1087; x_wconf 90' lang='lat' dir='ltr'><strong>cum</strong></span> <span class='ocrx_word' id='word_1_36' title='bbox 2040 991 2147 1087; x_wconf 87' lang='lat' dir='ltr'><strong>lilio</strong></span> 
     </span>
    </p>
   </div>
   <div class='ocr_carea' id='block_1_3' title="bbox 557 1109 2272 3724">
    <p class='ocr_par' dir='ltr' id='par_1_4' title="bbox 557 1109 2272 2767">
     <span class='ocr_line' id='line_1_6' title="bbox 622 1109 2142 1240; baseline -0.004 -31"><span class='ocrx_word' id='word_1_37' title='bbox 622 1112 712 1209; x_wconf 92' lang='lat' dir='ltr'><strong>suo</strong></span> <span class='ocrx_word' id='word_1_38' title='bbox 785 1114 891 1212; x_wconf 88' lang='lat' dir='ltr'><strong>udo</strong></span> <span class='ocrx_word' id='word_1_39' title='bbox 930 1145 976 1210; x_wconf 91' lang='lat' dir='ltr'><strong>o.</strong></span> <span class='ocrx_word' id='word_1_40' title='bbox 1003 1112 1229 1240; x_wconf 86' lang='lat' dir='ltr'><strong>eoquod</strong></span> <span class='ocrx_word' id='word_1_41' title='bbox 1285 1111 1503 1209; x_wconf 87' lang='lat' dir='ltr'><strong>erlidiam</strong></span> <span class='ocrx_word' id='word_1_42' title='bbox 1523 1109 1848 1207; x_wconf 72' lang='lat' dir='ltr'><strong>bohemorum</strong></span> <span class='ocrx_word' id='word_1_43' title='bbox 1867 1110 1967 1235; x_wconf 93' lang='lat' dir='ltr'><strong>ipse</strong></span> <span class='ocrx_word' id='word_1_44' title='bbox 1988 1111 2142 1205; x_wconf 78' lang='lat' dir='ltr'><strong>sciens</strong></span> 
     </span>
     <span class='ocr_line' id='line_1_7' title="bbox 620 1146 2141 1361; baseline -0.001 -36"><span class='ocrx_word' id='word_1_45' title='bbox 620 1238 828 1361; x_wconf 82' lang='lat' dir='ltr'><strong>pragam</strong></span> <span class='ocrx_word' id='word_1_46' title='bbox 850 1243 954 1327; x_wconf 84' lang='lat' dir='ltr'><strong>non</strong></span> <span class='ocrx_word' id='word_1_47' title='bbox 980 1230 1045 1325; x_wconf 90' lang='lat' dir='ltr'><strong>ell</strong></span> <span class='ocrx_word' id='word_1_48' title='bbox 1066 1146 1352 1357; x_wconf 77' lang='lat' dir='ltr'><strong>progreiius.</strong></span> <span class='ocrx_word' id='word_1_49' title='bbox 1384 1230 1498 1325; x_wconf 82' lang='lat' dir='ltr'><strong>Fuit</strong></span> <span class='ocrx_word' id='word_1_50' title='bbox 1522 1242 1685 1323; x_wconf 83' lang='lat' dir='ltr'><strong>autem</strong></span> <span class='ocrx_word' id='word_1_51' title='bbox 1698 1227 1780 1344; x_wconf 82' lang='lat' dir='ltr'><strong>ibi</strong></span> <span class='ocrx_word' id='word_1_52' title='bbox 1802 1253 1911 1320; x_wconf 87' lang='lat' dir='ltr'><strong>cnm</strong></span> <span class='ocrx_word' id='word_1_53' title='bbox 1932 1228 2049 1354; x_wconf 85' lang='lat' dir='ltr'><strong>sepe</strong></span> <span class='ocrx_word' id='word_1_54' title='bbox 2070 1222 2141 1323; x_wconf 88' lang='lat' dir='ltr'><strong>di·</strong></span> 
     </span>
     <span class='ocr_line' id='line_1_8' title="bbox 624 1344 2144 1475; baseline -0.005 -29"><span class='ocrx_word' id='word_1_55' title='bbox 624 1350 716 1450; x_wconf 84' lang='lat' dir='ltr'><strong>ctis</strong></span> <span class='ocrx_word' id='word_1_56' title='bbox 740 1353 902 1474; x_wconf 84' lang='lat' dir='ltr'><strong>princi</strong></span> <span class='ocrx_word' id='word_1_57' title='bbox 938 1350 1049 1447; x_wconf 89' lang='lat' dir='ltr'><strong>ibus</strong></span> <span class='ocrx_word' id='word_1_58' title='bbox 1073 1350 1350 1475; x_wconf 86' lang='lat' dir='ltr'><strong>patriarch-a</strong></span> <span class='ocrx_word' id='word_1_59' title='bbox 1373 1348 1561 1473; x_wconf 80' lang='lat' dir='ltr'><strong>aquile</strong></span> <span class='ocrx_word' id='word_1_60' title='bbox 1602 1344 1710 1440; x_wconf 79' lang='lat' dir='ltr'><strong>nlis.</strong></span> <span class='ocrx_word' id='word_1_61' title='bbox 1748 1364 1861 1439; x_wconf 85' lang='lat' dir='ltr'><strong>&#39;cum</strong></span> <span class='ocrx_word' id='word_1_62' title='bbox 1884 1374 1987 1469; x_wconf 81' lang='lat' dir='ltr'><strong>quo</strong></span> <span class='ocrx_word' id='word_1_63' title='bbox 2008 1373 2144 1440; x_wconf 67' lang='lat' dir='ltr'><strong>com«</strong></span> 
     </span>
     <span class='ocr_line' id='line_1_9' title="bbox 622 1373 2272 1595; baseline -0.004 -34"><span class='ocrx_word' id='word_1_64' title='bbox 622 1468 854 1595; x_wconf 84' lang='lat' dir='ltr'><strong>planatus</strong></span> <span class='ocrx_word' id='word_1_65' title='bbox 878 1383 943 1563; x_wconf 79' lang='lat' dir='ltr'><strong>eil</strong></span> <span class='ocrx_word' id='word_1_66' title='bbox 966 1466 1067 1563; x_wconf 88' lang='lat' dir='ltr'><strong>dux</strong></span> <span class='ocrx_word' id='word_1_67' title='bbox 1090 1466 1321 1561; x_wconf 89' lang='lat' dir='ltr'><strong>albertus.</strong></span> <span class='ocrx_word' id='word_1_68' title='bbox 1349 1480 1400 1559; x_wconf 90' lang='lat' dir='ltr'><strong>et</strong></span> <span class='ocrx_word' id='word_1_69' title='bbox 1422 1496 1514 1589; x_wconf 89' lang='lat' dir='ltr'><strong>per</strong></span> <span class='ocrx_word' id='word_1_70' title='bbox 1536 1373 1599 1559; x_wconf 77' lang='lat' dir='ltr'><strong>ge</strong></span> <span class='ocrx_word' id='word_1_71' title='bbox 1586 1478 1721 1589; x_wconf 89' lang='lat' dir='ltr'><strong>ptem</strong></span> <span class='ocrx_word' id='word_1_72' title='bbox 1746 1461 1928 1570; x_wconf 80' lang='lat' dir='ltr'><strong>diesin</strong></span> <span class='ocrx_word' id='word_1_73' title='bbox 1949 1461 2142 1559; x_wconf 76' lang='lat' dir='ltr'><strong>Weitra</strong></span> <span class='ocrx_word' id='word_1_74' title='bbox 2266 1486 2272 1493; x_wconf 80' lang='lat'><strong>·</strong></span> 
     </span>
     <span class='ocr_line' id='line_1_10' title="bbox 569 1578 2141 1713; baseline -0.003 -33"><span class='ocrx_word' id='word_1_75' title='bbox 569 1630 572 1634; x_wconf 96' lang='lat'>·</span> <span class='ocrx_word' id='word_1_76' title='bbox 625 1589 916 1713; x_wconf 88' lang='lat' dir='ltr'><strong>congregati</strong></span> <span class='ocrx_word' id='word_1_77' title='bbox 936 1585 1092 1691; x_wconf 83' lang='lat' dir='ltr'><strong>multa</strong></span> <span class='ocrx_word' id='word_1_78' title='bbox 1109 1596 1317 1677; x_wconf 89' lang='lat' dir='ltr'><strong>tractata</strong></span> <span class='ocrx_word' id='word_1_79' title='bbox 1339 1583 1459 1678; x_wconf 84' lang='lat' dir='ltr'><strong>sunt</strong></span> <span class='ocrx_word' id='word_1_80' title='bbox 1483 1597 1534 1677; x_wconf 89' lang='lat' dir='ltr'><strong>et</strong></span> <span class='ocrx_word' id='word_1_81' title='bbox 1556 1597 1762 1705; x_wconf 86' lang='lat' dir='ltr'><strong>propter</strong></span> <span class='ocrx_word' id='word_1_82' title='bbox 1782 1580 1875 1674; x_wconf 83' lang='lat' dir='ltr'><strong>hec</strong></span> <span class='ocrx_word' id='word_1_83' title='bbox 1895 1578 2141 1675; x_wconf 82' lang='lat' dir='ltr'><strong>Serenish·</strong></span> 
     </span>
     <span class='ocr_line' id='line_1_11' title="bbox 623 1690 2145 1824; baseline -0.001 -27"><span class='ocrx_word' id='word_1_84' title='bbox 623 1734 731 1798; x_wconf 88' lang='lat' dir='ltr'><strong>mus</strong></span> <span class='ocrx_word' id='word_1_85' title='bbox 755 1702 867 1797; x_wconf 82' lang='lat' dir='ltr'><strong>Rex</strong></span> <span class='ocrx_word' id='word_1_86' title='bbox 888 1700 1232 1797; x_wconf 83' lang='lat' dir='ltr'><strong>Romanorum</strong></span> <span class='ocrx_word' id='word_1_87' title='bbox 1248 1698 1480 1794; x_wconf 79' lang='lat' dir='ltr'><strong>Karolus.</strong></span> <span class='ocrx_word' id='word_1_88' title='bbox 1501 1728 1595 1824; x_wconf 88' lang='lat' dir='ltr'><strong>per</strong></span> <span class='ocrx_word' id='word_1_89' title='bbox 1614 1696 1954 1791; x_wconf 85' lang='lat' dir='ltr'><strong>monasterium</strong></span> <span class='ocrx_word' id='word_1_90' title='bbox 1976 1690 2145 1795; x_wconf 86' lang='lat' dir='ltr'><strong>Zwet·</strong></span> 
     </span>
     <span class='ocr_line' id='line_1_12' title="bbox 622 1812 2144 1947; baseline -0.002 -32"><span class='ocrx_word' id='word_1_91' title='bbox 622 1821 757 1915; x_wconf 86' lang='lat' dir='ltr'><strong>lense</strong></span> <span class='ocrx_word' id='word_1_92' title='bbox 797 1820 1043 1947; x_wconf 82' lang='lat' dir='ltr'><strong>appropio</strong></span> <span class='ocrx_word' id='word_1_93' title='bbox 1083 1849 1205 1935; x_wconf 91' lang='lat' dir='ltr'><strong>uans</strong></span> <span class='ocrx_word' id='word_1_94' title='bbox 1240 1845 1415 1911; x_wconf 85' lang='lat' dir='ltr'><strong>omnes</strong></span> <span class='ocrx_word' id='word_1_95' title='bbox 1446 1814 1895 1930; x_wconf 84' lang='lat' dir='ltr'><strong>monachi,-induti</strong></span> <span class='ocrx_word' id='word_1_96' title='bbox 1919 1812 2144 1913; x_wconf 89' lang='lat' dir='ltr'><strong>sacerdo·</strong></span> 
     </span>
     <span class='ocr_line' id='line_1_13' title="bbox 622 1927 2144 2077; baseline -0.004 -45"><span class='ocrx_word' id='word_1_97' title='bbox 622 1935 806 2043; x_wconf 87' lang='lat' dir='ltr'><strong>talibus</strong></span> <span class='ocrx_word' id='word_1_98' title='bbox 827 1952 877 2031; x_wconf 87' lang='lat' dir='ltr'><strong>et</strong></span> <span class='ocrx_word' id='word_1_99' title='bbox 900 1968 1009 2031; x_wconf 91' lang='lat' dir='ltr'><strong>cum</strong></span> <span class='ocrx_word' id='word_1_100' title='bbox 1081 1934 1275 2077; x_wconf 82' lang='lat' dir='ltr'><strong>eliquijs</strong></span> <span class='ocrx_word' id='word_1_101' title='bbox 1298 1934 1496 2029; x_wconf 90' lang='lat' dir='ltr'><strong>obuiam</strong></span> <span class='ocrx_word' id='word_1_102' title='bbox 1517 1935 1564 2043; x_wconf 87' lang='lat' dir='ltr'><strong>ei</strong></span> <span class='ocrx_word' id='word_1_103' title='bbox 1584 1949 1882 2062; x_wconf 85' lang='lat' dir='ltr'><strong>properant,</strong></span> <span class='ocrx_word' id='word_1_104' title='bbox 1906 1927 2021 2028; x_wconf 77' lang='lat' dir='ltr'><strong>&#39;curri</strong></span> <span class='ocrx_word' id='word_1_105' title='bbox 2035 1934 2144 2033; x_wconf 88' lang='lat' dir='ltr'><strong>val·</strong></span> 
     </span>
     <span class='ocr_line' id='line_1_14' title="bbox 557 2050 2141 2181; baseline -0.004 -30"><span class='ocrx_word' id='word_1_106' title='bbox 557 2096 565 2103; x_wconf 94' lang='lat'><em>·</em></span> <span class='ocrx_word' id='word_1_107' title='bbox 624 2054 701 2162; x_wconf 85' lang='lat' dir='ltr'><strong>de¹</strong></span> <span class='ocrx_word' id='word_1_108' title='bbox 720 2052 980 2151; x_wconf 79' lang='lat' dir='ltr'><strong>edificatus</strong></span> <span class='ocrx_word' id='word_1_109' title='bbox 1010 2084 1125 2181; x_wconf 87' lang='lat' dir='ltr'><strong>erga</strong></span> <span class='ocrx_word' id='word_1_110' title='bbox 1160 2054 1303 2181; x_wconf 83' lang='lat' dir='ltr'><strong>rplius</strong></span> <span class='ocrx_word' id='word_1_111' title='bbox 1339 2067 1620 2147; x_wconf 81' lang='lat' dir='ltr'><strong>conuentus</strong></span> <span class='ocrx_word' id='word_1_112' title='bbox 1637 2050 1946 2177; x_wconf 83' lang='lat' dir='ltr'><strong>grauitatem.</strong></span> <span class='ocrx_word' id='word_1_113' title='bbox 1972 2082 2031 2146; x_wconf 89' lang='lat' dir='ltr'><strong>ac</strong></span> <span class='ocrx_word' id='word_1_114' title='bbox 2056 2050 2141 2145; x_wconf 72' lang='lat' dir='ltr'><strong>do</strong></span> 
     </span>
     <span class='ocr_line' id='line_1_15' title="bbox 623 2164 2136 2298; baseline -0.001 -32"><span class='ocrx_word' id='word_1_115' title='bbox 623 2164 890 2269; x_wconf 87' lang='lat' dir='ltr'><strong>uocionem</strong></span> <span class='ocrx_word' id='word_1_116' title='bbox 934 2175 1068 2298; x_wconf 88' lang='lat' dir='ltr'><strong>prius</strong></span> <span class='ocrx_word' id='word_1_117' title='bbox 1105 2170 1281 2266; x_wconf 85' lang='lat' dir='ltr'><strong>ductus</strong></span> <span class='ocrx_word' id='word_1_118' title='bbox 1317 2168 1383 2263; x_wconf 81' lang='lat' dir='ltr'><strong>ad·</strong></span> <span class='ocrx_word' id='word_1_119' title='bbox 1411 2170 1734 2264; x_wconf 80' lang='lat' dir='ltr'><strong>resectionem</strong></span> <span class='ocrx_word' id='word_1_120' title='bbox 1766 2199 1879 2263; x_wconf 88' lang='lat' dir='ltr'><strong>eum</strong></span> <span class='ocrx_word' id='word_1_121' title='bbox 1909 2168 2136 2265; x_wconf 88' lang='lat' dir='ltr'><strong>omnibus</strong></span> 
     </span>
     <span class='ocr_line' id='line_1_16' title="bbox 617 2285 2137 2496; baseline -0.003 -111"><span class='ocrx_word' id='word_1_122' title='bbox 617 2291 717 2389; x_wconf 84' lang='lat' dir='ltr'><strong>&#39;suis</strong></span> <span class='ocrx_word' id='word_1_123' title='bbox 751 2289 948 2417; x_wconf 76' lang='lat' dir='ltr'><strong>copiose</strong></span> <span class='ocrx_word' id='word_1_124' title='bbox 981 2291 1223 2405; x_wconf 65' lang='lat' dir='ltr'><strong>relicitur3</strong></span> <span class='ocrx_word' id='word_1_125' title='bbox 1255 2320 1312 2384; x_wconf 88' lang='lat' dir='ltr'><strong>ac</strong></span> <span class='ocrx_word' id='word_1_126' title='bbox 1336 2285 1522 2381; x_wconf 90' lang='lat' dir='ltr'><strong>deinde</strong></span> <span class='ocrx_word' id='word_1_127' title='bbox 1536 2288 1699 2382; x_wconf 88' lang='lat' dir='ltr'><strong>versus</strong></span> <span class='ocrx_word' id='word_1_128' title='bbox 1722 2290 1971 2426; x_wconf 79' lang='lat' dir='ltr'><strong>ungariam</strong></span> <span class='ocrx_word' id='word_1_129' title='bbox 1991 2285 2137 2496; x_wconf 63' lang='lat' dir='ltr'><strong>profi·</strong></span> 
     </span>
     <span class='ocr_line' id='line_1_17' title="bbox 624 2402 2134 2520; baseline -0.003 -17"><span class='ocrx_word' id='word_1_130' title='bbox 624 2409 826 2504; x_wconf 90' lang='lat' dir='ltr'><strong>ciscltur.</strong></span> <span class='ocrx_word' id='word_1_131' title='bbox 926 2409 1076 2501; x_wconf 85' lang='lat' dir='ltr'><strong>Venit</strong></span> <span class='ocrx_word' id='word_1_132' title='bbox 1097 2422 1263 2517; x_wconf 85' lang='lat' dir='ltr'><strong>autem</strong></span> <span class='ocrx_word' id='word_1_133' title='bbox 1358 2404 1392 2498; x_wconf 83' lang='lat' dir='ltr'><strong>lt</strong></span> <span class='ocrx_word' id='word_1_134' title='bbox 1417 2436 1530 2517; x_wconf 85' lang='lat' dir='ltr'><strong>eum</strong></span> <span class='ocrx_word' id='word_1_135' title='bbox 1551 2404 1732 2500; x_wconf 89' lang='lat' dir='ltr'><strong>eodem</strong></span> <span class='ocrx_word' id='word_1_136' title='bbox 1755 2403 1835 2520; x_wconf 83' lang='lat' dir='ltr'><strong>dre</strong></span> <span class='ocrx_word' id='word_1_137' title='bbox 1859 2402 1960 2499; x_wconf 85' lang='lat' dir='ltr'><strong>dux</strong></span> <span class='ocrx_word' id='word_1_138' title='bbox 1980 2437 2008 2497; x_wconf 88' lang='lat' dir='ltr'><strong>a</strong></span> <span class='ocrx_word' id='word_1_139' title='bbox 2029 2403 2134 2499; x_wconf 86' lang='lat' dir='ltr'><strong>ber·</strong></span> 
     </span>
     <span class='ocr_line' id='line_1_18' title="bbox 621 2520 2137 2649; baseline 0.001 -29"><span class='ocrx_word' id='word_1_140' title='bbox 621 2540 851 2621; x_wconf 84' lang='lat' dir='ltr'><strong>tuscum</strong></span> <span class='ocrx_word' id='word_1_141' title='bbox 878 2520 980 2618; x_wconf 84' lang='lat' dir='ltr'><strong>lilio</strong></span> <span class='ocrx_word' id='word_1_142' title='bbox 1015 2526 1100 2619; x_wconf 84' lang='lat' dir='ltr'><strong>luo</strong></span> <span class='ocrx_word' id='word_1_143' title='bbox 1134 2523 1283 2629; x_wconf 87' lang='lat' dir='ltr'><strong>R&#39;udo</strong></span> <span class='ocrx_word' id='word_1_144' title='bbox 1306 2522 1376 2617; x_wconf 62' lang='lat' dir='ltr'><strong>fo:</strong></span> <span class='ocrx_word' id='word_1_145' title='bbox 1409 2554 1519 2618; x_wconf 90' lang='lat' dir='ltr'><strong>cum</strong></span> <span class='ocrx_word' id='word_1_146' title='bbox 1554 2522 1689 2635; x_wconf 77' lang='lat' dir='ltr'><strong>mille</strong></span> <span class='ocrx_word' id='word_1_147' title='bbox 1723 2524 2016 2647; x_wconf 74' lang='lat' dir='ltr'><strong>equitaturis</strong></span> <span class='ocrx_word' id='word_1_148' title='bbox 2054 2529 2137 2649; x_wconf 77' lang='lat' dir='ltr'><strong>&#39;qui</strong></span> 
     </span>
     <span class='ocr_line' id='line_1_19' title="bbox 625 2640 2044 2767; baseline -0.001 -32"><span class='ocrx_word' id='word_1_149' title='bbox 625 2671 799 2747; x_wconf 89' lang='lat' dir='ltr'><strong>omnes</strong></span> <span class='ocrx_word' id='word_1_150' title='bbox 821 2640 1019 2767; x_wconf 82' lang='lat' dir='ltr'><strong>copiose</strong></span> <span class='ocrx_word' id='word_1_151' title='bbox 1043 2642 1151 2735; x_wconf 80' lang='lat' dir='ltr'><strong>sont</strong></span> <span class='ocrx_word' id='word_1_152' title='bbox 1175 2640 1350 2737; x_wconf 88' lang='lat' dir='ltr'><strong>resecti</strong></span> <span class='ocrx_word' id='word_1_153' title='bbox 1373 2640 1898 2748; x_wconf 76' lang='lat' dir='ltr'><strong>etWienne,reuers1s.</strong></span> <span class='ocrx_word' id='word_1_154' title='bbox 1964 2713 1969 2721; x_wconf 85' lang='lat'><em>.</em></span> <span class='ocrx_word' id='word_1_155' title='bbox 2039 2702 2044 2719; x_wconf 81' lang='lat'><strong>·</strong></span> 
     </span>
    </p>

    <p class='ocr_par' dir='ltr' id='par_1_5' title="bbox 584 2756 2138 3240">
     <span class='ocr_line' id='line_1_20' title="bbox 742 2756 2134 2886; baseline 0 -33"><span class='ocrx_word' id='word_1_156' title='bbox 742 2756 937 2869; x_wconf 82' lang='lat' dir='ltr'><strong>Eodem</strong></span> <span class='ocrx_word' id='word_1_157' title='bbox 969 2789 1104 2872; x_wconf 18' lang='lat' dir='ltr'><strong>&#39;anno</strong></span> <span class='ocrx_word' id='word_1_158' title='bbox 1133 2762 1269 2859; x_wconf 77' lang='lat' dir='ltr'><strong>,circa</strong></span> <span class='ocrx_word' id='word_1_159' title='bbox 1295 2757 1466 2852; x_wconf 82' lang='lat' dir='ltr'><strong>lelium</strong></span> <span class='ocrx_word' id='word_1_160' title='bbox 1496 2758 1647 2851; x_wconf 88' lang='lat' dir='ltr'><strong>sancti</strong></span> <span class='ocrx_word' id='word_1_161' title='bbox 1671 2758 1940 2886; x_wconf 58' lang='lat' dir='ltr'><strong>‹pangracii</strong></span> <span class='ocrx_word' id='word_1_162' title='bbox 1971 2759 2134 2885; x_wconf 87' lang='lat' dir='ltr'><strong>quiin</strong></span> 
     </span>
     <span class='ocr_line' id='line_1_21' title="bbox 618 2873 2135 3003; baseline -0.001 -32"><span class='ocrx_word' id='word_1_163' title='bbox 618 2874 707 2972; x_wconf 81' lang='lat' dir='ltr'><strong>&#39;die</strong></span> <span class='ocrx_word' id='word_1_164' title='bbox 739 2876 1084 3001; x_wconf 78' lang='lat' dir='ltr'><strong>penthecostes</strong></span> <span class='ocrx_word' id='word_1_165' title='bbox 1116 2889 1366 2970; x_wconf 84' lang='lat' dir='ltr'><strong>euenerat.</strong></span> <span class='ocrx_word' id='word_1_166' title='bbox 1405 2876 1491 2969; x_wconf 82' lang='lat' dir='ltr'><strong>nix</strong></span> <span class='ocrx_word' id='word_1_167' title='bbox 1518 2873 1688 2972; x_wconf 86' lang='lat' dir='ltr'><strong>valida</strong></span> <span class='ocrx_word' id='word_1_168' title='bbox 1723 2893 1783 2970; x_wconf 86' lang='lat' dir='ltr'><strong>et·</strong></span> <span class='ocrx_word' id='word_1_169' title='bbox 1801 2875 1983 3003; x_wconf 86' lang='lat' dir='ltr'><strong>glacies</strong></span> <span class='ocrx_word' id='word_1_170' title='bbox 2001 2878 2135 2974; x_wconf 69' lang='lat' dir='ltr'><strong>&#39;vltra</strong></span> 
     </span>
     <span class='ocr_line' id='line_1_22' title="bbox 584 2990 2138 3122; baseline 0.001 -32"><span class='ocrx_word' id='word_1_171' title='bbox 584 3021 588 3032; x_wconf 76' lang='grc'><em>’</em></span> <span class='ocrx_word' id='word_1_172' title='bbox 621 2990 827 3090; x_wconf 87' lang='lat' dir='ltr'><strong>modum</strong></span> <span class='ocrx_word' id='word_1_173' title='bbox 861 3006 912 3088; x_wconf 90' lang='lat' dir='ltr'><strong>et</strong></span> <span class='ocrx_word' id='word_1_174' title='bbox 944 3007 1112 3088; x_wconf 91' lang='lat' dir='ltr'><strong>tamen</strong></span> <span class='ocrx_word' id='word_1_175' title='bbox 1146 2992 1332 3122; x_wconf 81' lang='lat' dir='ltr'><strong>segetes</strong></span> <span class='ocrx_word' id='word_1_176' title='bbox 1366 2994 1419 3088; x_wconf 91' lang='lat' dir='ltr'><strong>in</strong></span> <span class='ocrx_word' id='word_1_177' title='bbox 1442 2994 1583 3088; x_wconf 91' lang='lat' dir='ltr'><strong>nullo</strong></span> <span class='ocrx_word' id='word_1_178' title='bbox 1615 2992 1821 3090; x_wconf 86' lang='lat' dir='ltr'><strong>offendit</strong></span> <span class='ocrx_word' id='word_1_179' title='bbox 1850 3006 2017 3121; x_wconf 89' lang='lat' dir='ltr'><strong>preter</strong></span> <span class='ocrx_word' id='word_1_180' title='bbox 2037 2992 2138 3092; x_wconf 62' lang='lat' dir='ltr'><strong>fro&gt;</strong></span> 
     </span>
     <span class='ocr_line' id='line_1_23' title="bbox 624 3111 1660 3240; baseline -0.001 -32"><span class='ocrx_word' id='word_1_181' title='bbox 624 3127 732 3208; x_wconf 81' lang='lat' dir='ltr'><strong>etus</strong></span> <span class='ocrx_word' id='word_1_182' title='bbox 758 3111 987 3240; x_wconf 85' lang='lat' dir='ltr'><strong>arborum</strong></span> <span class='ocrx_word' id='word_1_183' title='bbox 1024 3113 1109 3237; x_wconf 86' lang='lat' dir='ltr'><strong>qui</strong></span> <span class='ocrx_word' id='word_1_184' title='bbox 1141 3142 1316 3207; x_wconf 87' lang='lat' dir='ltr'><strong>omnes</strong></span> <span class='ocrx_word' id='word_1_185' title='bbox 1350 3113 1620 3236; x_wconf 84' lang='lat' dir='ltr'><strong>perierunt.</strong></span> <span class='ocrx_word' id='word_1_186' title='bbox 1657 3130 1660 3136; x_wconf 84' lang='grc'><strong>’</strong></span> 
     </span>
    </p>

    <p class='ocr_par' dir='ltr' id='par_1_6' title="bbox 623 3226 2143 3724">
     <span class='ocr_line' id='line_1_24' title="bbox 741 3226 2130 3328; baseline 0.003 -4"><span class='ocrx_word' id='word_1_187' title='bbox 741 3226 937 3324; x_wconf 88' lang='lat' dir='ltr'><strong>Eodem</strong></span> <span class='ocrx_word' id='word_1_188' title='bbox 963 3259 1095 3323; x_wconf 90' lang='lat' dir='ltr'><strong>anno</strong></span> <span class='ocrx_word' id='word_1_189' title='bbox 1129 3233 1335 3326; x_wconf 89' lang='lat' dir='ltr'><strong>exaccio</strong></span> <span class='ocrx_word' id='word_1_190' title='bbox 1353 3232 1607 3325; x_wconf 75' lang='lat' dir='ltr'><strong>vitrearum</strong></span> <span class='ocrx_word' id='word_1_191' title='bbox 1637 3228 1700 3324; x_wconf 81' lang='lat' dir='ltr'><strong>de</strong></span> <span class='ocrx_word' id='word_1_192' title='bbox 1724 3228 1897 3326; x_wconf 85' lang='lat' dir='ltr'><strong>decern</strong></span> <span class='ocrx_word' id='word_1_193' title='bbox 1918 3231 2130 3328; x_wconf 68' lang='lat' dir='ltr'><strong>tataros</strong></span> 
     </span>
     <span class='ocr_line' id='line_1_25' title="bbox 623 3345 2135 3490; baseline 0.003 -48"><span class='ocrx_word' id='word_1_194' title='bbox 623 3375 775 3442; x_wconf 78' lang='lat' dir='ltr'><strong>vnum</strong></span> <span class='ocrx_word' id='word_1_195' title='bbox 803 3372 901 3472; x_wconf 89' lang='lat' dir='ltr'><strong>per</strong></span> <span class='ocrx_word' id='word_1_196' title='bbox 919 3358 1076 3442; x_wconf 86' lang='lat' dir='ltr'><strong>totam</strong></span> <span class='ocrx_word' id='word_1_197' title='bbox 1099 3345 1322 3442; x_wconf 82' lang='lat' dir='ltr'><strong>austriam</strong></span> <span class='ocrx_word' id='word_1_198' title='bbox 1349 3349 1561 3474; x_wconf 82' lang='lat' dir='ltr'><strong>principi</strong></span> <span class='ocrx_word' id='word_1_199' title='bbox 1590 3347 1849 3474; x_wconf 66' lang='lat' dir='ltr'><strong>colligitur</strong></span> <span class='ocrx_word' id='word_1_200' title='bbox 1870 3352 2135 3490; x_wconf 88' lang='lat' dir='ltr'><strong>permulta</strong></span> 
     </span>
     <span class='ocr_line' id='line_1_26' title="bbox 623 3460 2143 3591; baseline 0.005 -33"><span class='ocrx_word' id='word_1_201' title='bbox 623 3464 760 3558; x_wconf 91' lang='lat' dir='ltr'><strong>milia</strong></span> <span class='ocrx_word' id='word_1_202' title='bbox 783 3462 1096 3559; x_wconf 82' lang='lat' dir='ltr'><strong>talentorum.</strong></span> <span class='ocrx_word' id='word_1_203' title='bbox 1140 3465 1337 3561; x_wconf 87' lang='lat' dir='ltr'><strong>Interea</strong></span> <span class='ocrx_word' id='word_1_204' title='bbox 1351 3463 1423 3560; x_wconf 84' lang='lat' dir='ltr'><strong>ad</strong></span> <span class='ocrx_word' id='word_1_205' title='bbox 1445 3467 1743 3591; x_wconf 86' lang='lat' dir='ltr'><strong>peticionem</strong></span> <span class='ocrx_word' id='word_1_206' title='bbox 1770 3460 2143 3564; x_wconf 71' lang='lat' dir='ltr'><strong>duasnlbertt</strong></span> 
     </span>
     <span class='ocr_line' id='line_1_27' title="bbox 625 3581 2135 3724; baseline 0.004 -50"><span class='ocrx_word' id='word_1_207' title='bbox 625 3581 844 3721; x_wconf 84' lang='lat' dir='ltr'><strong>Quidam</strong></span> <span class='ocrx_word' id='word_1_208' title='bbox 881 3582 1147 3722; x_wconf 66' lang='lat' dir='ltr'><strong>evrologup</strong></span> <span class='ocrx_word' id='word_1_209' title='bbox 1176 3583 1430 3722; x_wconf 69' lang='lat' dir='ltr'><strong>instigante</strong></span> <span class='ocrx_word' id='word_1_210' title='bbox 1463 3581 1686 3710; x_wconf 88' lang='lat' dir='ltr'><strong>dyabolo</strong></span> <span class='ocrx_word' id='word_1_211' title='bbox 1719 3583 1882 3707; x_wconf 86' lang='lat' dir='ltr'><strong>quise</strong></span> <span class='ocrx_word' id='word_1_212' title='bbox 1967 3613 2023 3678; x_wconf 85' lang='lat' dir='ltr'><strong>cr</strong></span> <span class='ocrx_word' id='word_1_213' title='bbox 2040 3617 2135 3724; x_wconf 81' lang='lat' dir='ltr'><strong>pa·-</strong></span> 
     </span>
    </p>
   </div>
   <div class='ocr_carea' id='block_1_4' title="bbox 625 3688 2292 3826">
    <p class='ocr_par' dir='ltr' id='par_1_7' title="bbox 625 3688 2292 3826">
     <span class='ocr_line' id='line_1_28' title="bbox 625 3688 2292 3826; baseline 0.001 -33"><span class='ocrx_word' id='word_1_214' title='bbox 625 3731 696 3793; x_wconf 89' lang='lat' dir='ltr'><strong>c1s</strong></span> <span class='ocrx_word' id='word_1_215' title='bbox 740 3711 791 3791; x_wconf 90' lang='lat' dir='ltr'><strong>et</strong></span> <span class='ocrx_word' id='word_1_216' title='bbox 825 3688 1097 3796; x_wconf 82' lang='lat' dir='ltr'><strong>concordie·</strong></span> <span class='ocrx_word' id='word_1_217' title='bbox 1124 3730 1350 3794; x_wconf 84' lang='lat' dir='ltr'><strong>mrmrcus</strong></span> <span class='ocrx_word' id='word_1_218' title='bbox 1392 3698 1759 3826; x_wconf 81' lang='lat' dir='ltr'><strong>comprobatur..</strong></span> <span class='ocrx_word' id='word_1_219' title='bbox 1792 3699 1937 3795; x_wconf 88' lang='lat' dir='ltr'><strong>libia</strong></span> <span class='ocrx_word' id='word_1_220' title='bbox 1974 3719 2135 3799; x_wconf 82' lang='lat' dir='ltr'><strong>ocsato</strong></span> <span class='ocrx_word' id='word_1_221' title='bbox 2291 3730 2292 3794; x_wconf 79' lang='lat' dir='ltr'><strong>l</strong></span> 
     </span>
    </p>
   </div>
   <div class='ocr_carea' id='block_1_5' title="bbox 624 3814 2143 4309">
    <p class='ocr_par' dir='ltr' id='par_1_8' title="bbox 624 3814 2143 4309">
     <span class='ocr_line' id='line_1_29' title="bbox 624 3814 2143 3956; baseline 0.003 -45"><span class='ocrx_word' id='word_1_222' title='bbox 624 3815 853 3944; x_wconf 83' lang='lat' dir='ltr'><strong>magistro</strong></span> <span class='ocrx_word' id='word_1_223' title='bbox 878 3817 1102 3912; x_wconf 84' lang='lat' dir='ltr'><strong>Iohanne</strong></span> <span class='ocrx_word' id='word_1_224' title='bbox 1132 3819 1216 3956; x_wconf 79' lang='lat' dir='ltr'><strong>qni</strong></span> <span class='ocrx_word' id='word_1_225' title='bbox 1249 3814 1433 3942; x_wconf 80' lang='lat' dir='ltr'><strong>prefuit</strong></span> <span class='ocrx_word' id='word_1_226' title='bbox 1464 3816 1696 3912; x_wconf 83' lang='lat' dir='ltr'><strong>structure</strong></span> <span class='ocrx_word' id='word_1_227' title='bbox 1727 3816 1861 3912; x_wconf 89' lang='lat' dir='ltr'><strong>Noui</strong></span> <span class='ocrx_word' id='word_1_228' title='bbox 1878 3819 2038 3914; x_wconf 74' lang='lat' dir='ltr'><strong>chori</strong></span> <span class='ocrx_word' id='word_1_229' title='bbox 2065 3819 2143 3916; x_wconf 82' lang='lat' dir='ltr'><strong>so-</strong></span> 
     </span>
     <span class='ocr_line' id='line_1_30' title="bbox 625 3933 2132 4062; baseline 0.004 -35"><span class='ocrx_word' id='word_1_230' title='bbox 625 3933 745 4029; x_wconf 84' lang='lat' dir='ltr'><strong>dere</strong></span> <span class='ocrx_word' id='word_1_231' title='bbox 786 3933 944 4028; x_wconf 83' lang='lat' dir='ltr'><strong>minas</strong></span> <span class='ocrx_word' id='word_1_232' title='bbox 980 3946 1170 4062; x_wconf 77' lang='lat' dir='ltr'><strong>argenti</strong></span> <span class='ocrx_word' id='word_1_233' title='bbox 1205 3935 1340 4028; x_wconf 87' lang='lat' dir='ltr'><strong>iuxta</strong></span> <span class='ocrx_word' id='word_1_234' title='bbox 1375 3934 1627 4029; x_wconf 70' lang='lat' dir='ltr'><strong>cla-ultrum</strong></span> <span class='ocrx_word' id='word_1_235' title='bbox 1656 3935 2018 4060; x_wconf 67' lang='lat' dir='ltr'><strong>permittenda</strong></span> <span class='ocrx_word' id='word_1_236' title='bbox 2057 3933 2132 4033; x_wconf 79' lang='lat' dir='ltr'><strong>sed</strong></span> 
     </span>
     <span class='ocr_line' id='line_1_31' title="bbox 624 4050 2132 4149; baseline 0.003 -4"><span class='ocrx_word' id='word_1_237' title='bbox 624 4050 801 4148; x_wconf 80' lang='lat' dir='ltr'><strong>iratres</strong></span> <span class='ocrx_word' id='word_1_238' title='bbox 836 4055 888 4146; x_wconf 92' lang='lat' dir='ltr'><strong>in</strong></span> <span class='ocrx_word' id='word_1_239' title='bbox 922 4065 1059 4147; x_wconf 86' lang='lat' dir='ltr'><strong>tanta</strong></span> <span class='ocrx_word' id='word_1_240' title='bbox 1096 4051 1344 4148; x_wconf 72' lang='lat' dir='ltr'><strong>violencia</strong></span> <span class='ocrx_word' id='word_1_241' title='bbox 1376 4065 1428 4146; x_wconf 90' lang='lat' dir='ltr'><strong>et</strong></span> <span class='ocrx_word' id='word_1_242' title='bbox 1451 4053 1741 4148; x_wconf 79' lang='lat' dir='ltr'><strong>turbatione</strong></span> <span class='ocrx_word' id='word_1_243' title='bbox 1772 4082 1794 4122; x_wconf 60' lang='lat'><strong>·‘</strong></span> <span class='ocrx_word' id='word_1_244' title='bbox 1814 4054 1931 4148; x_wconf 74' lang='lat' dir='ltr'><strong>oliti</strong></span> <span class='ocrx_word' id='word_1_245' title='bbox 1950 4053 2015 4149; x_wconf 86' lang='lat' dir='ltr'><strong>ad</strong></span> <span class='ocrx_word' id='word_1_246' title='bbox 2033 4087 2132 4149; x_wconf 73' lang='lat' dir='ltr'><strong>una</strong></span> 
     </span>
     <span class='ocr_line' id='line_1_32' title="bbox 624 4077 2131 4309; baseline 0.001 -45"><span class='ocrx_word' id='word_1_247' title='bbox 624 4183 755 4264; x_wconf 86' lang='lat' dir='ltr'><strong>trem</strong></span> <span class='ocrx_word' id='word_1_248' title='bbox 780 4199 906 4299; x_wconf 88' lang='lat' dir='ltr'><strong>ymo</strong></span> <span class='ocrx_word' id='word_1_249' title='bbox 939 4167 1231 4309; x_wconf 77' lang='lat' dir='ltr'><strong>confugiunt</strong></span> <span class='ocrx_word' id='word_1_250' title='bbox 1264 4169 1416 4295; x_wconf 82' lang='lat' dir='ltr'><strong>ipsam</strong></span> <span class='ocrx_word' id='word_1_251' title='bbox 1430 4171 1741 4265; x_wconf 82' lang='lat' dir='ltr'><strong>inuocantes¹</strong></span> <span class='ocrx_word' id='word_1_252' title='bbox 1770 4077 2021 4267; x_wconf 68' lang='lat' dir='ltr'><strong>deuocius:</strong></span> <span class='ocrx_word' id='word_1_253' title='bbox 2055 4174 2131 4299; x_wconf 81' lang='lat' dir='ltr'><strong>qu&#39;</strong></span> 
     </span>
    </p>
   </div>
   <div class='ocr_carea' id='block_1_6' title="bbox 624 4285 2292 4424">
    <p class='ocr_par' dir='ltr' id='par_1_9' title="bbox 624 4285 2292 4424">
     <span class='ocr_line' id='line_1_33' title="bbox 624 4285 2292 4424; baseline -0.002 -44"><span class='ocrx_word' id='word_1_254' title='bbox 624 4300 862 4424; x_wconf 77' lang='lat' dir='ltr'><strong>poterant</strong></span> <span class='ocrx_word' id='word_1_255' title='bbox 918 4285 1024 4414; x_wconf 85' lang='lat' dir='ltr'><strong>post</strong></span> <span class='ocrx_word' id='word_1_256' title='bbox 1049 4319 1166 4383; x_wconf 86' lang='lat' dir='ltr'><strong>annr</strong></span> <span class='ocrx_word' id='word_1_257' title='bbox 1184 4289 1423 4398; x_wconf 62' lang='lat' dir='ltr'><strong>‚circulum</strong></span> <span class='ocrx_word' id='word_1_258' title='bbox 1442 4285 1720 4383; x_wconf 80' lang='lat' dir='ltr'><strong>fodientes</strong></span> <span class='ocrx_word' id='word_1_259' title='bbox 1737 4303 1790 4382; x_wconf 91' lang='lat' dir='ltr'><strong>et</strong></span> <span class='ocrx_word' id='word_1_260' title='bbox 1818 4287 1974 4384; x_wconf 89' lang='lat' dir='ltr'><strong>nichil</strong></span> <span class='ocrx_word' id='word_1_261' title='bbox 2006 4291 2133 4387; x_wconf 76' lang='lat' dir='ltr'><strong>into</strong></span> <span class='ocrx_word' id='word_1_262' title='bbox 2291 4362 2292 4377; x_wconf 25' lang='lat' dir='ltr'><strong>l</strong></span> 
     </span>
    </p>
   </div>
   <div class='ocr_carea' id='block_1_7' title="bbox 623 4403 2130 5006">
    <p class='ocr_par' dir='ltr' id='par_1_10' title="bbox 623 4403 2130 5006">
     <span class='ocr_line' id='line_1_34' title="bbox 623 4403 1844 4502; baseline -0.002 0"><span class='ocrx_word' id='word_1_263' title='bbox 623 4418 817 4502; x_wconf 74' lang='lat' dir='ltr'><strong>arentes</strong></span> <span class='ocrx_word' id='word_1_264' title='bbox 846 4436 955 4500; x_wconf 88' lang='lat' dir='ltr'><strong>curn</strong></span> <span class='ocrx_word' id='word_1_265' title='bbox 979 4408 1191 4500; x_wconf 77' lang='lat' dir='ltr'><strong>inanima</strong></span> <span class='ocrx_word' id='word_1_266' title='bbox 1213 4404 1500 4501; x_wconf 70' lang='lat' dir='ltr'><strong>confusione</strong></span> <span class='ocrx_word' id='word_1_267' title='bbox 1518 4405 1744 4502; x_wconf 83' lang='lat' dir='ltr'><strong>cessatum</strong></span> <span class='ocrx_word' id='word_1_268' title='bbox 1762 4403 1844 4501; x_wconf 79' lang='lat' dir='ltr'><strong>eli.</strong></span> 
     </span>
     <span class='ocr_line' id='line_1_35' title="bbox 650 4521 2005 4643; baseline -0.007 -22"><span class='ocrx_word' id='word_1_269' title='bbox 650 4621 655 4633; x_wconf 83' lang='grc'><em>,</em></span> <span class='ocrx_word' id='word_1_270' title='bbox 1043 4529 1180 4620; x_wconf 82' lang='lat' dir='ltr'><strong>Rubr.</strong></span> <span class='ocrx_word' id='word_1_271' title='bbox 1212 4521 1559 4643; x_wconf 60' lang='lat' dir='ltr'><strong>Mtccctliiijt</strong></span> <span class='ocrx_word' id='word_1_272' title='bbox 1735 4581 1737 4587; x_wconf 38' lang='grc' dir='ltr'><strong><em>ι</em></strong></span> <span class='ocrx_word' id='word_1_273' title='bbox 1858 4578 1888 4610; x_wconf 80' lang='lat'><strong>.·..</strong></span> <span class='ocrx_word' id='word_1_274' title='bbox 2001 4606 2005 4611; x_wconf 20' lang='lat'><em>⁴</em></span> 
     </span>
     <span class='ocr_line' id='line_1_36' title="bbox 744 4637 2130 4738; baseline 0.003 -4"><span class='ocrx_word' id='word_1_275' title='bbox 744 4640 867 4735; x_wconf 83' lang='lat' dir='ltr'><strong>Dux</strong></span> <span class='ocrx_word' id='word_1_276' title='bbox 891 4638 1060 4736; x_wconf 82' lang='lat' dir='ltr'><strong>austrie</strong></span> <span class='ocrx_word' id='word_1_277' title='bbox 1085 4643 1302 4737; x_wconf 85' lang='lat' dir='ltr'><strong>albertus</strong></span> <span class='ocrx_word' id='word_1_278' title='bbox 1326 4643 1454 4738; x_wconf 86' lang='lat' dir='ltr'><strong>eirca</strong></span> <span class='ocrx_word' id='word_1_279' title='bbox 1473 4639 1834 4737; x_wconf 69' lang='lat' dir='ltr'><strong>penthecosten</strong></span> <span class='ocrx_word' id='word_1_280' title='bbox 1851 4637 2130 4738; x_wconf 67' lang='lat' dir='ltr'><strong>secundario</strong></span> 
     </span>
     <span class='ocr_line' id='line_1_37' title="bbox 627 4757 2130 4888; baseline -0.003 -28"><span class='ocrx_word' id='word_1_281' title='bbox 627 4758 844 4860; x_wconf 87' lang='lat' dir='ltr'><strong>ascendit</strong></span> <span class='ocrx_word' id='word_1_282' title='bbox 869 4787 981 4856; x_wconf 82' lang='lat' dir='ltr'><strong>eum</strong></span> <span class='ocrx_word' id='word_1_283' title='bbox 1002 4759 1287 4860; x_wconf 80' lang='lat' dir='ltr'><strong>australibus</strong></span> <span class='ocrx_word' id='word_1_284' title='bbox 1309 4776 1364 4861; x_wconf 86' lang='lat' dir='ltr'><strong>et</strong></span> <span class='ocrx_word' id='word_1_285' title='bbox 1379 4757 1686 4860; x_wconf 76' lang='lat' dir='ltr'><strong>stirienllbtu</strong></span> <span class='ocrx_word' id='word_1_286' title='bbox 1719 4759 1848 4888; x_wconf 84' lang='lat' dir='ltr'><strong>quali</strong></span> <span class='ocrx_word' id='word_1_287' title='bbox 1871 4791 1983 4860; x_wconf 83' lang='lat' dir='ltr'><strong>cum</strong></span> <span class='ocrx_word' id='word_1_288' title='bbox 2002 4761 2130 4856; x_wconf 81' lang='lat' dir='ltr'><strong>mille</strong></span> 
     </span>
     <span class='ocr_line' id='line_1_38' title="bbox 1273 4909 2080 5006; baseline -0.001 -50"><span class='ocrx_word' id='word_1_289' title='bbox 1273 4950 1277 4956; x_wconf 88' lang='lat'><em>.</em></span> <span class='ocrx_word' id='word_1_290' title='bbox 1502 4909 1518 4938; x_wconf 76' lang='lat'><em>&#39;</em></span> <span class='ocrx_word' id='word_1_291' title='bbox 1996 4910 2080 5006; x_wconf 72' lang='lat' dir='ltr'><strong>ga·</strong></span> 
     </span>
    </p>
   </div>
   <div class='ocr_carea' id='block_1_8' title="bbox 1857 5092 1909 5142">
    <p class='ocr_par' dir='ltr' id='par_1_11' title="bbox 1857 5092 1909 5142">
     <span class='ocr_line' id='line_1_39' title="bbox 1857 5092 1909 5142; baseline 0 -8"><span class='ocrx_word' id='word_1_292' title='bbox 1857 5092 1909 5142; x_wconf 58' lang='lat' dir='ltr'><strong>fi!</strong></span> 
     </span>
    </p>
   </div>
   <div class='ocr_carea' id='block_1_9' title="bbox 0 0 2367 6050">
    <p class='ocr_par' dir='ltr' id='par_1_12' title="bbox 0 0 2367 6050">
     <span class='ocr_line' id='line_1_40' title="bbox 0 0 2367 6050; baseline 0 0"><span class='ocrx_word' id='word_1_293' title='bbox 0 0 2367 6050; x_wconf 95' lang='lat' dir='ltr'><strong> </strong></span> 
     </span>
    </p>
   </div>
  </div>
 </body>
</html>
