4717 6050
633 375 710 495 386
926 434 950 469 ·,
973 376 1028 459 V·
1081 371 1443 476 osannam
1476 370 1720 459 uomet

615 586 789 685 atauia.
832 584 1121 683 Reuelacio
1155 584 1315 680 lancti
1335 572 1599 681 Michaelis
1637 581 1770 681 facta
1799 582 1865 680 cll
1902 540 1990 686 lub
2018 622 2103 721 ge.

635 708 697 801 fio
732 735 859 830 papa
890 719 941 798 et
971 702 1219 799 archadio.

698 826 850 917 Anno
886 819 1085 916 domini.
1113 822 1256 915 cccc’.
1280 820 1408 939 xviij.
1436 817 1654 943 synodus
1691 834 1812 959 aput
1843 820 2098 955 Karthagi-

426 1028 430 1037 .
578 974 693 1041 nem
722 940 999 1034 celebratur
1032 942 1146 1033 ccc⁹.·
1165 938 1312 1061 xviij⁰.
1336 952 1531 1075 patrum
1553 938 1638 1033 iub
1658 934 1857 1035 Sozrmo
1878 973 2067 1068 papa,
2214 1026 2220 1031 .

498 3393 503 3404 ,
607 3337 621 3392 l

496 1081 502 1101 ¹
594 1156 598 1161 ,
658 1153 663 1161 ,
697 1059 841 1155 cccc⁰.
864 1057 993 1152 xxx⁶.
1026 1058 1217 1152 lanctus
1252 1054 1545 1183 Augustinus
1571 1058 1777 1151 moritur
1803 1072 1855 1153 et
1883 1058 2099 1169 wandali

446 1264 458 1289 ,
580 1178 894 1275 Geinlericus
916 1206 1005 1269 rex
1027 1175 1239 1269 affricam
1260 1173 1551 1269 invaserunt
1610 1174 1849 1300 Sequenti
1868 1208 1998 1279 anno
2022 1179 2095 1306 sy.

578 1298 742 1395 nodus
754 1292 1029 1387 celebratur
1041 1294 1093 1385 in
1109 1291 1291 1417 epheso
1303 1292 1389 1385 cc⁰.
1404 1291 2100 1418 episcoporumlubcelellino.

700 1411 842 1507 cccc⁰.
859 1410 908 1503 1⁰.
938 1407 1096 1507 Attila
1123 1442 1237 1505 cum
1257 1410 1402 1505 bunis
1424 1412 1720 1537 aquilegiam
1740 1414 1872 1538 cepit
1888 1411 1973 1507 rub
1992 1415 2095 1511 leo·
2261 1507 2264 1513 .

584 1564 649 1632 ne
710 1560 816 1625 aa.
1681 1580 1726 1598 ⁴·
2045 1585 2053 1593 ·

615 1642 619 1653 ’
673 1562 847 1743 pelle.
869 1645 952 1767 lijf’.
995 1645 1244 1741 celebrata
1283 1645 1348 1740 cll
1380 1636 1597 1773 synodus
1632 1646 1685 1741 in
1716 1647 1987 1745 calcedone
2018 1652 2092 1765 dc-

584 1802 697 1867 xxx.
719 1766 1058 1903 episcoporum
1078 1765 1162 1859 sub
1186 1766 1334 1859 leone
1357 1794 1499 1889 papa
1560 1760 1570 1775 “
1730 1845 1739 1857 .

702 1883 955 2003 cccc⁰.l1iij.
989 1881 1314 2010 Gaeylericus
1337 1912 1424 1975 rex
1443 1878 1781 1977 wandalorum
1804 1914 1992 1979 romam
2014 1916 2091 1979 va·

581 2004 720 2099 liauit
746 2001 836 2126 lubv
851 1999 1028 2094 hilario
1051 2032 1195 2126 papa
1253 2000 1361 2122 Hijs
1381 2000 1688 2124 temporibus
1710 2002 1875 2096 floruit
1906 2002 2092 2105 sanctii·

583 2122 722 2219 limus
755 2116 1060 2214 benedictus.
1121 2210 1124 2215 ,
1593 2122 1597 2130 ’

700 2238 845 2333 cccc⁰.
867 2236 964 2331 lxx.
996 2238 1185 2331 sanctus
1215 2234 1470 2363 Remigius
1501 2238 1649 2335 remis
1683 2234 1938 2363 episcopus
1970 2232 2092 2332 ordi·

489 2354 493 2367 ’
582 2372 729 2454 natur
748 2352 832 2449 lub
855 2353 1153 2482 Symmacho
1189 2385 1333 2481 papa.
1395 2354 1496 2474 Qui
1527 2351 1841 2460 theodorum
1861 2354 2091 2477 archiepi-

581 2476 785 2601 scopum
831 2472 1194 2567 laureacensem
1238 2468 1556 2567 confirmauit
1644 2472 1751 2590 Hijs
1793 2471 2092 2595 temporibus

585 2590 862 2687 Clodonius
877 2594 961 2714 qui
984 2591 1289 2687 etludwicus
1310 2620 1398 2693 rex
1419 2587 1698 2682 francorum
1720 2588 1784 2683 ad
1807 2587 1953 2683 fidem
1975 2591 2092 2683 chri·

583 2708 638 2819 lli
657 2710 962 2805 conuertitur
984 2740 1095 2804 cum
1114 2709 1270 2805 tribus
1284 2705 1498 2801 millibus
1520 2709 1737 2803 virorum
1758 2707 1978 2833 exceptis
1987 2737 2102 2833 pat«

583 2827 714 2923 uulis
737 2841 789 2920 et
812 2826 1111 2921 mulieribus.
1186 2910 1190 2918 .

703 2944 993 3041 cccclbum.
1037 2943 1271 3041 Odoacar
1301 2972 1390 3040 rex
1424 2940 1679 3070 Rugorum
1715 2958 1765 3040 et
1796 2943 2011 3074 turcylin
2043 2972 2093 3040 o·

582 3089 690 3161 rum
714 3094 902 3157 romam
925 3065 1151 3159 obtinuit.
1182 3063 1266 3156 lub
1277 3061 1532 3187 Simplicio
1556 3093 1698 3188 papa
1723 3063 1992 3159 etZenone
2073 3114 2093 3140 ·

623 3195 829 3276 eratore.
891 3180 978 3274 lite
1005 3181 1280 3305 Simplicius
1308 3179 1552 3273 conllituit
1574 3211 1640 3274 ne
1665 3183 1774 3306 quis
1805 3181 2094 3275 intellituras

581 3209 912 3436 f'nvestituras)
945 3300 1155 3423 accipiat
1177 3328 1206 3390 a
1230 3297 1401 3425 laycis.
1461 3300 1567 3419 Hijs
1591 3297 1898 3424 temporibus
1929 3299 2093 3395 clerici

347 3476 411 3528 ‚‹
584 3446 617 3510 a
637 3417 795 3540 laycss
813 3417 1184 3569 premebantur.
1316 3489 1322 3498 .

699 3564 812 3630 cccc
833 3605 843 3626 .
864 3534 996 3628 lxxx.
1027 3534 1207 3629 Zenon
1246 3532 1520 3655 Imperator
1550 3499 1895 3630 theodoricum
1928 3562 2094 3663 regent

251 3661 254 3668 '
422 3688 465 3750 η
581 3650 990 3777 ostrogothorum
1014 3668 1187 3746 contra
1224 3647 1507 3745 Odoacrum
1541 3650 1785 3745 tellinauit
1805 3654 2093 3790 (destinauit)

578 3801 730 3906 quem
755 3769 901 3872 etiam
934 3771 1054 3866 vicit
1087 3783 1271 3893 quater.
1331 3769 1397 3861 Et
1428 3767 1529 3890 ipse
1563 3796 1701 3862 rome
1735 3768 1858 3863 ledrt
1891 3785 1943 3864 et
1978 3772 2092 3865 boe·

580 3917 711 3981 crum
745 3884 993 3980 consulem
1023 3915 1281 3980 romanum
1312 3887 1365 3979 in
1397 3885 1596 3979 exilium
1627 3884 1760 3982 milit
1805 3887 1907 4009 Qui
1941 3889 2124 3984 multa·

580 4002 806 4130 preclara
829 4000 1018 4128 scriplit.

675 4211 678 4220 .
699 4119 1059 4248 cccc⁰.lxxx11q.
1090 4118 1369 4217 Hunericus
1389 4149 1481 4215 rex
1502 4119 1844 4218 wandalorum
1863 4125 2091 4223 Arrianus

520 4291 523 4296 <
578 4237 886 4366 persequitur
910 4237 1181 4363 episcopos.
1227 4289 1231 4297 ·
1798 4269 1821 4311 ‘-

487 4426 491 4436 .
575 4474 610 4570 fl
694 4355 846 4496 llnno
880 4353 1081 4474 domini.
1123 4351 1169 4450 u
1221 4353 1433 4452 Sanctus
1468 4354 1784 4486 ·Fulgencius
1837 4361 2091 4492 episcopus

613 4489 755 4572 ortui.
1178 4503 1184 4508 ’
1919 4512 1925 4528 ’

658 4705 664 4716 ἡ
700 4591 850 4688 Anno
874 4589 1077 4685 domini.
1109 4587 1155 4685 d.
1175 4590 1291 4707 viii.
1331 4591 1471 4687 Gens
1500 4590 1660 4688 nostra
1692 4590 1877 4691 scilicet
1899 4597 2091 4690 norico·

578 4738 687 4814 rum
710 4725 762 4813 et
785 4708 1103 4830 babarorum,
1133 4739 1232 4836 que
1251 4710 1350 4808 iam
1373 4707 1480 4810 sere
1502 4741 1595 4842 per
1630 4741 1700 4811 cc.
1718 4713 1768 4813 li.
1793 4745 1953 4932 annqs
1977 4742 2095 4846 exus

1924 4863 2035 4932 ave·
