4717 6050
653 409 658 415 ’
888 404 1222 503 AVSTRIAE.
1314 426 1316 429 ’
1718 448 1764 526 ι,
1923 431 1929 440 ·
2081 363 2084 371 “

162 615 165 628 '
255 717 262 730 ,
341 711 347 718 .
425 621 509 718 De
534 617 795 716 advocatia
818 620 871 716 in
892 621 1211 718 Zwezelaern.
1241 623 1323 718 xii.
1343 620 1552 720 Modios
1578 630 1750 720 avene.

113 757 114 762 ‘
424 741 508 834 De
542 735 802 834 advocatia
830 739 882 835 in
899 737 1293 837 Mvnchenrevt.
1320 745 1450 844 xviii.
1477 740 1684 838 Modios
1708 771 1820 852 ave·

307 867 389 952 ne.
418 871 482 952 et.
510 859 588 974 iiij.
621 856 822 952 talenta.
922 857 1048 953 Item
1077 859 1128 952 in
1159 855 1485 984 Reimprehts.
1519 859 1694 954 Insula.
1763 861 1820 958 In

190 1069 194 1077 .
263 1090 266 1096 ¹
307 975 473 1071 Prvel.
491 973 703 1070 dimidia·
716 973 889 1070 Silua..
926 973 983 1070 In
1010 967 1373 1102 Gotvricllage.
1397 972 1663 1072 dimidium.
1694 976 1820 1072 Loz·
1857 1089 1864 1100 ,

264 1203 267 1208 ,
307 1091 474 1218 perch.
495 1090 764 1186 dimidium.
825 1091 859 1186 S
899 1091 1200 1231 eillenperch
1225 1089 1496 1188 dimidium.

426 1210 485 1303 In
515 1207 693 1304 Redel.
723 1213 838 1306 xvii.
862 1123 1116 1348 lenefiqm.
1149 1213 1322 1320 etvii.
1358 1208 1621 1306 Cunicule.
1652 1224 1704 1304 et
1729 1206 1822 1304 Cu·
1957 1247 1981 1268 ¹·

143 1349 145 1356 ’
308 1327 381 1420 ria
401 1326 645 1423 villicalis.
671 1327 794 1422 etin
818 1325 930 1426 foro
945 1325 1354 1454 Wetehartflnge.
1376 1331 1474 1422 xiii.
1497 1358 1628 1422 aree.
1665 1327 1823 1447 Quin·
1913 1435 1917 1438 ⁴

174 1467 211 1642 J
308 1474 405 1656 {tt
422 1444 1639 1659 {littletttttsttfflltlttlttllt
1660 1445 1824 1660 illl:

307 1676 446 1776 rado.
505 1677 553 1772 R
622 1692 766 1804 perto
793 1677 857 1774 de
880 1676 1223 1806 Speillendorl
1246 1682 1424 1776 Vnam.
1450 1684 1648 1776 vineam
1669 1681 1824 1776 Hain·
2007 1710 2011 1716 ·

308 1796 412 1891 rieo
432 1793 512 1933 'de
553 1711 861 1936 ffidendoff.
903 1800 933 1891 i.
967 1794 1258 1936 Cnpelleno
1296 1828 1446 1936 vnam
1489 1826 1583 1923 pro
1627 1794 1824 1930 ‚duabus

306 1911 508 2008 Marus.
538 1943 655 2011 aun.
700 1912 1319 2042 .Adparoch1am.vnam.
1377 1913 1824 2010 H1cfinemhabet
1873 1939 1912 1981 -·’

308 2027 569 2155 descriptio
593 2027 854 2128 Comitille.
882 2028 1193 2128 Reddituum
1211 2031 1275 2128 de
1299 2031 1440 2128 Ratz.

364 2169 373 2192 ²
429 2149 607 2244 Officia
639 2150 769 2244 circa
803 2146 1175 2246 Weidervelde.
1208 2162 1260 2241 et
1288 2147 1575 2242 Pernekke..
1608 2164 1661 2242 et
1691 2148 1826 2243 Dro·
1946 2157 1950 2162 ’
1997 2171 2000 2174 ’

307 2263 520 2362 lendorf.
580 2267 639 2360 In
662 2262 1034 2359 Weidervelde.
1054 2263 1152 2354 lxv.
1170 2261 1433 2357 beneficia.
1450 2260 1713 2386 quodlibet
1733 2264 1831 2360 sol··

311 2384 397 2476 uit.
416 2385 449 2472 i.
471 2380 716 2474 talentum
747 2393 800 2471 et
819 2405 1027 2502 porcum
1057 2390 1110 2469 et
1131 2391 1392 2471 metretam
1412 2382 1695 2502 papaueris.-

428 2495 553 2587 Item
584 2493 635 2584 in
667 2488 919 2590 Tvmratz.
948 2523 998 2583 x.
1026 2488 1211 2585 solidos
1244 2506 1307 2586 et.
1329 2493 1375 2606 ij.
1396 2522 1593 2616 porcos.

427 2609 485 2701 In
513 2603 902 2702 Wolframliorf.
926 2608 993 2698 iii.
1018 2603 1261 2700 beneficia
1291 2620 1342 2701 et
1366 2637 1490 2704 eren
1522 2609 1731 2705 loluunt.
1763 2616 1831 2709 vi.

307 2721 514 2821 solidos.
543 2737 594 2818 et
617 2751 711 2849 pro
732 2718 1047 2818 Nachtlelde.
1077 2726 1109 2814 i.
1127 2723 1386 2821 talentum.

305 2959 324 3056 l
409 2841 484 3055 dln
506 2839 817 2982 Vmgenliey.
844 2845 910 2938 vi.
931 2837 1172 2940 beneficia
1196 2840 1405 2941 loluunt.
1435 2845 1465 2937 i.
1486 2842 1741 2942 talentum.
1757 2861 1825 2946 et.

331 2991 376 3057 x.
445 2989 659 3059 enanon
1247 3013 1291 3027 -·

427 3080 485 3173 In
516 3075 782 3176 Reinolds.
807 3110 921 3175 xxx.
943 3076 1197 3177 denarios.
1559 3170 1563 3177 .

311 3264 325 3277 ..
428 3194 757 3292 ln-Schettez.
784 3228 831 3291 x.
854 3196 1095 3293 beneficia
1119 3228 1219 3325 que
1238 3199 1443 3297 loluunt.
1465 3198 1537 3297 ix.
1557 3197 1748 3299 talenta
1770 3210 1824 3296 et

309 3311 566 3411 dimidium
586 3313 846 3409 talentum.
877 3326 941 3407 et
962 3315 1025 3405 iii.
1045 3343 1174 3409 aree.
1204 3320 1272 3436 fll-
1289 3316 1490 3414 solidos.
1611 3338 1615 3344 ’
1694 3411 1700 3421 ,
1783 3434 1786 3440 ,
1894 3435 1897 3438 ,

111 3432 114 3439 ’
428 3434 487 3526 In
524 3428 852 3559 Cylleinllorf.
880 3434 1047 3532 xxxvi.
1075 3427 1333 3528 beneficia.
1363 3434 1625 3559 quodlibet
1658 3434 1825 3531 soluit.

308 3543 564 3686 insolidos
596 3562 648 3642 et
666 3576 888 3674 porcum.
918 3545 1002 3643 vel
1022 3574 1129 3686 pro·
1139 3577 1311 3674 porco.
1335 3550 1397 3669 iij.
1422 3551 1620 3648 solidos.

163 3762 167 3768 .
425 3665 483 3760 In
540 3662 820 3793 mgendorf.
852 3698 901 3763 v.
921 3662 1164 3760 benefiem
1188 3666 1405 3763 loluunt.
1429 3668 1500 3763 ii‘..
1518 3666 1716 3764 solidos.
1809 3726 1813 3731 -

337 3797 341 3805 ’
382 3899 393 3923 .
424 3784 487 3883 ln
503 3694 876 3881 ltevwendorf.
901 3812 981 3921 xx.
1006 3779 1258 3881 'beneficia
1288 3699 1550 3923 quodlilet
1580 3783 1746 3881 soluit.
1771 3815 1825 3878 v.

306 3898 514 3997 lohdos.
567 3898 694 3995 Item
717 3929 831 3996 area
851 3928 971 3997 vnn..
993 3930 1107 3995 xxx.
1130 3898 1378 3999 denarios.
1939 3944 1947 3951 ·

424 4018 482 4113 In
505 4016 764 4147 Cymrevt.
796 4020 876 4115 vii.
891 4014 1151 4113 beneficia.
1178 4022 1260 4125 vii.
1283 4019 1487 4125 talentu.
1956 4096 1963 4103 .

313 4214 317 4225 .
424 4136 483 4230 ln
518 4134 839 4261 Vltichslage.
869 4137 931 4229 iii.
958 4132 1206 4233 beneficia·
1221 4136 1433 4233 loluunt.
1463 4139 1594 4232 xviii.
1617 4131 1828 4253 solidos,

112 4304 116 4311 ·
304 4252 429 4349 Item
447 4249 799 4465 lglolendinum
821 4248 1081 4351 dimidium·
1103 4253 1367 4355 talentum.
1421 4255 1547 4353 Item
1570 4252 1668 4351 due
1690 4282 1835 4364 aree,

303 4400 418 4467 xxm
484 4400 697 4466 enanos.

178 4602 180 4607 ,
304 4485 566 4709 Modlirca
600 4483 928 4614 Drolendorf..
952 4502 1012 4585 et.
1037 4487 1370 4619 Langenowe
1395 4488 1612 4595 Decime
1639 4484 1723 4591 ad.
1747 4484 1824 4595 xl»
1950 4509 1954 4514 ’
2079 4481 2082 4485 ’

14 4652 16 4659 “
300 4684 304 4692 .
456 4634 536 4703 os»-
727 4630 751 4701 ιτ
1197 4631 1202 4646 ¹
1417 4695 1424 4710 .
1614 4661 1618 4671 '
1869 4675 1872 4679 ’
1928 4690 1933 4695 -

314 4802 321 4819 .
987 4756 991 4767 ’
1122 4722 1232 4828 Cae
1699 4721 1766 4817 Iit
