4717 6050
1114 250 1272 317 ,χ’

718 456 960 553 onnon.
987 412 1350 539 nvsramc.
1684 418 1768 561 289'

298 692 387 758 nes
440 664 546 756 suas
596 662 787 788 'recepit
838 689 926 755 cos
970 658 1035 754 ad
1077 659 1454 755 latiffactiouem
1504 655 1814 784 condignam.
1937 740 1942 747 .

300 778 439 875 ludei
470 784 521 873 in
552 777 794 874 Chremla.
828 774 1118 873 occiderunt
1149 776 1468 873 christianum.

446 897 742 991 M⁰.cc.xcii'.
773 894 1137 1021 Rex·Vugarie
1177 910 1229 989 et
1260 893 1373 989 Rex
1407 892 1663 988 Bohemie.
1696 894 1817 991 Dux

298 1013 483 1109 austrie.
508 1027 558 1108 et
579 1011 700 1107 Dux
711 930 936 1108 iiabarie.
957 1012 1439 1138 acArchiepilcopus
1462 1009 1603 1113 Salcz
1641 1039 1817 1137 urgen-

297 1130 366 1224 fis.
445 1132 494 1224 ui
529 1160 699 1223 eorum
735 1130 935 1255 quidam
966 1129 1052 1224 diu
1074 1128 1340 1225 Discordes
1371 1127 1567 1221 fuerant
1651 1158 1816 1253 egra·

299 1250 375 1341 cia
460 1244 600 1369 eiad
631 1244 818 1341 firmam
850 1248 1167 1342 concordiam
1197 1246 1372 1343 reuersi
1404 1245 1525 1338 lunt
1567 1259 1617 1338 et
1650 1244 1814 1368 ganisa

297 1363 362 1457 est
391 1379 521 1459 terra
552 1361 636 1459 De
667 1393 791 1489 pace
836 1366 965 1459 inter
994 1367 1260 1489 principes.
1346 1360 1543 1458 Eodem
1583 1375 1812 1486 tempore

295 1480 417 1575 Dux
447 1478 630 1575 austrie.
662 1512 691 1574 a
720 1510 837 1607 rege
868 1479 1111 1577 Bohemie
1142 1513 1201 1577 ro
1235 1498 1343 1577 atus
1385 1511 1442 1573 ac
1472 1479 1706 1572 invitatus
1739 1479 1812 1572 vi·

295 1595 431 1692 litare
462 1600 696 1723 reginam.
726 1598 944 1693 sororem
974 1598 1117 1693 suam.
1152 1599 1220 1693 bo
1260 1604 1433 1694 emiam
1462 1596 1677 1695 intrauit.
1720 1596 1813 1689 l'ol·

293 1714 621 1837 lemniterque
663 1746 692 1807 a
721 1744 837 1840 rege
870 1716 1165 1812 consobrino
1195 1718 1276 1812 luo
1318 1746 1375 1811 ac
1407 1712 1636 1835 omnibus
1667 1711 1809 1807 nobi-

292 1829 422 1926 libus
450 1846 695 1955 receptus.
728 1832 1238 1959 excellentissimisque
1270 1834 1466 1951 exeniis⁴
1489 1844 1540 1924 et
1571 1829 1809 1952 clenodijs
1844 1867 1848 1875 ’

292 1976 321 2039 a
344 1977 461 2073 rege
494 1947 797 2043 excellenter
827 1950 1113 2045 honoratus.
1139 1949 1463 2044 amicabiliter
1485 1950 1568 2067 lep
1600 1947 1706 2039 rati.
1731 1976 1809 2041 re·

290 2062 456 2159 uersus
488 2063 553 2157 est
588 2062 650 2159 ad
681 2079 861 2159 terram
901 2064 1048 2160 luam.
1120 2065 1280 2159 Simili
1320 2064 1474 2158 modo
1513 2092 1537 2154 r
1642 2060 1807 2156 Bohe-

289 2181 387 2277 mie
420 2212 450 2275 a
478 2181 624 2274 Duce
656 2178 840 2275 austrie.
870 2182 1138 2295 invitatus,
1170 2184 1436 2276 Wiennam
1459 2178 1672 2271 intrauit
1696 2209 1807 2274 cum

288 2296 458 2429 regina
489 2326 644 2390 vxore
676 2298 768 2389 lua.
800 2310 851 2391 et
881 2299 1079 2421 copiosa
1108 2297 1253 2391 turba
1286 2294 1540 2393 nobilium.
1581 2293 1809 2389 honestis·

289 2410 402 2504 lime
431 2426 664 2535 receptus
696 2412 760 2507 est
790 2444 819 2505 a
849 2415 1010 2509 Duce.
1080 2413 1367 2509 Duodecim
1397 2410 1572 2532 diebus
1602 2410 1673 2505 ibi
1703 2442 1807 2507 mo·

286 2556 407 2621 ram*
433 2526 622 2623 faciens
664 2530 716 2622 in
748 2530 959 2625 maxima
999 2530 1307 2629 iocunditate
1348 2528 1591 2625 nobilium
1622 2543 1673 2621 et
1704 2532 1807 2654 epi·

286 2644 561 2768 scoporum.
594 2646 677 2768 qui
706 2643 777 2737 ibi
808 2643 1027 2741 aderant.
1060 2661 1209 2771 atque
1235 2679 1265 2740 a
1287 2649 1433 2741 Duce
1463 2643 1804 2770 gloriofillimis

288 2758 528 2853 clenodi's
551 2759 838 2855 honoratus.
869 2763 1090 2857 reuersus
1115 2764 1180 2859 est
1211 2761 1275 2857 ad
1303 2778 1485 2858 terram
1513 2760 1659 2854 l'uarn.
1698 2763 1803 2857 Ho-

286 2877 444 2969 mines
530 2878 721 3001 epacis
751 2878 1109 3006 tranquillitate
1140 2880 1396 2976 saluatoris
1420 2875 1680 2975 laudantes
1704 2879 1802 2975 cle·
1935 2987 1945 2995 ,

285 3022 543 3088 menclam.

432 3113 584 3208 Anno
606 3113 817 3208 Domini
838 3113 927 3210 Μ’.
941 3117 1155 3236 ccxciiii.
1196 3117 1373 3211 Petrus
1417 3115 1616 3241 quidam
1648 3116 1802 3214 Here·

284 3230 405 3323 mita
435 3260 566 3352 papa
598 3237 804 3324 c'reatur.
836 3234 921 3354 qui
952 3248 1004 3328 et
1034 3232 1304 3326 celestinus.
1332 3233 1429 3325 Hic
1453 3263 1566 3325 cum
1589 3264 1620 3326 a
1644 3234 1801 3331 Karo-

284 3344 338 3439 lo
367 3373 484 3485 rege
515 3344 717 3474 Sycilie.
746 3343 960 3442 Romam
991 3347 1168 3446 ductus
1195 3347 1272 3443 en.
1305 3348 1446 3475 lignis
1471 3345 1682 3442 diuerfis.
1707 3353 1808 3445 clas

143 3547 150 3560 .
283 3463 383 3556 ruit
420 3477 552 3557 mter
582 3493 679 3590 que
721 3463 819 3557 hoc
850 3495 1002 3561 vnum
1019 3503 1023 3510 ·
1043 3464 1181 3589 quod
1210 3467 1379 3560 vinum
1407 3464 1605 3558 Duma
1634 3465 1803 3561 Cardi-

286 3577 483 3674 nalibus
513 3580 685 3675 bibere
718 3597 991 3720 cogeretur.
1024 3583 1140 3709 quia
1168 3582 1223 3676 in
1251 3582 1482 3707 spelunca
1512 3583 1594 3674 lua
1624 3612 1802 3707 aquam

284 3707 478 3791 tantum
507 3696 723 3795 bibebat.
755 3730 924 3793 vrnum
955 3699 1205 3796 conuertit
1230 3701 1286 3793 in
1315 3727 1505 3823 aquam.
1566 3697 1661 3792 Hic
1677 3698 1801 3794 Glo-

284 3811 576 3909 niacenlem.
609 3813 967 3911 Cisterciensem
999 3817 1262 3912 Decanum
1295 3815 1667 3912 Cancellarium.
1708 3815 1802 3912 Pa·

284 3927 499 4026 rilienles
540 3928 828 4035 Cardlnales
872 3932 1131 4030 conllltuit.
1184 3931 1288 4029 Sed
1331 3964 1442 4027 cum
1475 3933 1591 4027 ellat
1621 3935 1701 4032 vir
1728 3936 1803 4030 ni·

67 4039 71 4046 ’
204 4156 210 4166 ¹
282 4049 380 4141 mie
406 4047 722 4174 [implicitatis
752 4081 843 4176 per
872 4050 1201 4148 Benedictum
1232 4049 1548 4190 Qayetanum
1581 4050 1811 4148 cardina·

281 4161 394 4259 lem.
440 4181 491 4261 et
568 4195 623 4262 er
664 4165 790 4263 alios
834 4165 1123 4265 Cardinales
1201 4198 1394 4265 ociores
1434 4165 1714 4265 includitur.
1748 4185 1800 4272 et

279 4281 501 4403 prefatus
530 4197 861 4399 benedictus,
902 4287 987 4412 qui
1018 4302 1072 4381 et
1102 4201 1371 4381 Ceiestinus
1402 4285 1464 4378 ab
1498 4282 1677 4381 eodem
1698 4317 1798 4382 ma.

280 4425 381 4521 gna
411 4399 636 4495 custodia.
680 4419 888 4527 propter
929 4403 1170 4530 lignorum
1212 4401 1447 4497 miracula
1490 4403 1666 4528 quibus
1699 4403 1798 4498 cla·

281 4517 391 4608 ruit
435 4531 486 4610 et
518 4533 725 4646 propter
753 4520 1134 4616 tumultuantem
1163 4519 1407 4646 populum
1438 4517 1647 4614 adeum
1679 4550 1797 4616 con·

278 4631 525 4728 fluentem.
557 4636 823 4732 muralibus
854 4636 1127 4740 obstruitur.
1158 4651 1349 4732 tantum
1369 4633 1691 4732 lolafenellra
1709 4637 1795 4736 ad»

228 4757 232 4764 ’
278 4749 421 4847 milla
460 4781 561 4966 oua
590 4753 824 4854 alimenta
854 4755 1050 4854 modica
1078 4768 1315 4882 poterant
1342 4753 1620 4852 ministrare.
1860 4857 1863 4862 ,

346 4872 526 4966 Poll.
623 4977 625 4982 .
1016 4873 1063 4970 Ο
1092 4903 1124 4969 o
1248 4907 1252 4913 ·
1573 4874 1727 4972 Anno
