4717 6050
640 473 716 554 mr
937 400 941 409 ¹
1149 410 1614 537 'auourur

585 668 779 799 legitur,
803 659 976 759 fraude
999 662 1281 791 iniquorum
1304 676 1356 757 et
1376 661 1707 789 irregulariter
1726 662 2005 759 viuencium
2026 679 2101 787 to.-

540 864 546 875 .
586 790 789 883 xicatur.
812 794 863 874 et
883 782 961 898 vj⁰.
982 780 1116 911 ydus
1142 780 1368 895 Ianuari'n
1394 775 1459 871 ad
1482 781 1736 874 dominum
1757 782 1821 875 mi
1876 783 1993 895 auit
2018 785 2104 910 qui

589 902 744 999 eciam
768 892 950 997 eodem
972 897 1153 994 annolr
1190 899 1266 994 nis
1289 898 1463 992 claruit
1492 913 1543 992 et
1562 900 1754 993 virtute.
1858 896 1926 994 oll
1958 927 2105 1023 quem

589 1020 671 1115 die
696 1018 850 1115 tercia
868 1015 1044 1111 Petrus
1068 1016 1135 1110 ho
1171 1014 1314 1111 renlrs
1339 1012 1615 1112 cardinalis
1636 1015 1718 1109 De
1744 1015 1920 1111 urdine¹
1940 1016 2103 1140 predi-

590 1154 828 1234 catorum.
859 1136 912 1229 in
944 1131 1261 1259 apostolicum
1296 1131 1362 1225 eli
1397 1133 1504 1226 itur.
1536 1148 1741 1228 vocatus
1766 1132 2105 1228 Innocencius.

589 1276 665 1349 vm·
690 1256 774 1381 qui
796 1251 870 1372 vj⁰.
891 1248 1317 1371 kalendasMarcij
1390 1277 1501 1344 ome
1520 1251 1574 1342 in
1599 1248 1782 1343 summa
1806 1248 2104 1345 ecclefiaDI·

515 1424 522 1435 ω
591 1375 761 1467 uinum
791 1368 1005 1465 officium
1031 1366 1316 1474 celebrauit.
1338 1366 1473 1494 quod
1508 1400 1536 1460 a
1571 1376 1796 1491 tempore
1819 1369 2100 1484 Innocencij

592 1492 753 1615 quarti
774 1518 918 1613 pape.
940 1485 1190 1610 hucusque
1213 1516 1318 1579 non
1341 1485 1406 1579 est
1438 1483 1636 1580 factum.
1659 1483 1892 1580 videlicet
1950 1515 2003 1577 er
2026 1516 2109 1577 an·

589 1638 699 1703 nos.
722 1624 848 1702 xxx¹·
925 1605 1062 1697 Item.
1082 1604 1146 1695 ix.
1170 1600 1413 1699 kalendas
1434 1602 1701 1718 Februarii.
1725 1601 1852 1697 infra
1918 1601 2104 1725 omple·

591 1727 773 1821 torium
788 1738 839 1818 et
857 1720 1085 1845 vesperas
1099 1717 1168 1811 sol
1184 1720 1388 1814 multum
1410 1718 1724 1814 rubicundus.
1751 1734 1850 1812 met
1870 1716 2110 1813 secundus
2219 1834 2225 1841 .

592 1858 643 1939 et
664 1856 797 1937 certe
820 1853 922 1933 met
933 1838 1114 1939 tercius
1127 1836 1370 1960 aliquibus
1383 1837 1664 1931 hominibus
1689 1837 1915 2049 apgaruit
1935 1849 1987 1929 et
2007 1835 2105 1931 hoe

590 1961 779 2056 factum
805 1956 881 2051 est.
906 1954 1023 2049 dum
1048 1956 1209 2077 vergit
1229 1952 1291 2046 ad
1308 1954 1543 2048 occasum.
1603 1954 1726 2047 Item
1778 1950 1970 2047 ecunda
1994 1953 2109 2049 urbs

592 2081 827 2175 Wienne.
853 2086 972 2196 aput
991 2085 1192 2209 portam
1217 2071 1468 2196 Pybronis
1489 2069 1792 2165 construitur.
1839 2071 1977 2165 ‘Item
2000 2066 2115 2165 Rex

590 2191 916 2291 Marrocenlrs
939 2188 1126 2401 alrguas
1150 2203 1316 2313 partes
1327 2189 1560 2313 Hispanie
1580 2188 1817 2283 hostiliter
1836 2190 2110 2313 occupauit.
2268 2208 2274 2215 ·

590 2315 715 2408 Item
739 2307 981 2405 ludwicus
1037 2334 1175 2400 omes
1197 2304 1446 2430 palatinus
1469 2302 1613 2399 Reni.
1641 2320 1692 2399 et
1710 2305 1972 2399 Heinricus
1992 2303 2112 2399 Dux

592 2428 805 2525 Babarie
831 2423 1052 2519 carnales
1074 2421 1251 2517 fratres
1276 2423 1361 2547 qui
1384 2423 1449 2518 ob
1472 2419 1709 2515 inuidiam
1733 2422 1990 2517 electionis
2012 2420 2111 2516 Ru·

593 2539 1129 2671 dolfiRegr‘s.Duobus.
1152 2540 1308 2633 annis.
1333 2554 1383 2632 et
1404 2538 1643 2633 menfibus
1665 2540 1759 2633 sex.
1773 2539 1960 2633 inimici
1972 2552 2111 2635 erant

592 2661 882 2757 adinvicem.
902 2672 953 2751 et
964 2672 1135 2751 mutuo
1161 2669 1317 2749 terras
1330 2654 1485 2779 preda
1498 2669 1548 2749 et
1567 2655 1805 2777 incendijs
1819 2652 2111 2793 diffiparunt

512 2793 516 2801 ’
595 2790 845 2872 annuente
866 2804 998 2901 papa
1020 2773 1331 2867 innocencio.
1355 2774 1417 2867 νο.
1448 2770 1513 2867 ad
1537 2776 1674 2898 pacis
1697 2772 2015 2873 concordram
2037 2802 2110 2868 re·

595 2894 806 2991 dierunt.
1130 2978 1135 2983 ,

782 3110 786 3116 ,
819 3008 1028 3105 Rubrica.
1059 3004 1143 3100 De
1175 3005 1237 3100 tri
1274 3003 1358 3100 lici
1388 3004 1636 3102 exustione
1658 3009 1889 3106 Wienne.

713 3127 838 3224 Item
868 3125 928 3218 v⁶.
955 3122 1197 3218 kalendas
1307 3125 1424 3218 rilis.
1459 3125 1671 3262 quedam
1704 3127 1871 3252 platea
1891 3127 2109 3223 Wienne

596 3247 747 3342 Dicta
789 3244 889 3338 sun
927 3238 1226 3336 erinnstrazz.
1326 3243 1556 3337 omestrco
1598 3243 1614 3336 i
1649 3275 1712 3338 ne
1745 3276 1824 3340 ma
1857 3276 1922 3340 na
1967 3259 2108 3369 parte

598 3376 852 3457 crematur.
894 3271 1039 3496 ltem
1068 3360 1166 3479 xvj.
1189 3358 1431 3454 kalendas
1453 3359 1581 3488 May
1645 3360 1799 3485 clipfis
1823 3275 1948 3458 lune
1981 3360 2114 3456 facta

597 3476 1015 3606 est.qual1med1a
1048 3491 1212 3572 nocte.
1266 3477 1373 3600 Ipsa
1394 3491 1544 3570 nocte
1580 3495 1780 3573 exortus
1805 3480 1881 3594 est,
1898 3479 2026 3606 ignis
2057 3479 2113 3574 in

596 3597 747 3692 domo
778 3593 1054 3730 Camerarij.
1115 3593 1171 3687 In
1193 3592 1564 3721 Chyenmarcht
1594 3610 1645 3688 et
1667 3595 1828 3692 exusta
1847 3595 1912 3691 est
1933 3626 2112 3718 magna
2161 3620 2166 3630 “

347 3721 354 3737 “
474 3795 476 3801 .
595 3746 707 3841 pars
731 3714 940 3808 ciuitatis
955 3713 1184 3807 Wrenne.
1213 3708 1452 3812 videlieet
1465 3710 1617 3804 altum
1630 3711 1807 3808 forum.
1836 3714 2111 3840 plusquam

596 3830 812 3925 medium
845 3860 907 3922 ex
943 3857 1002 3922 ea
1025 3841 1166 3952 parte
1196 3857 1300 3953 ‘qua
1323 3827 1566 3922 institores
1611 3829 1835 3934 reddent.
1914 3830 1989 3925 Ch
2027 3847 2111 3926 en·

597 3948 788 4042 marcht
816 3964 1015 4082 quoque
1083 3944 1245 4038 enitus
1281 3960 1334 4040 et
1366 3975 1528 4039 arena
1617 3946 1819 4041 Deinde
1848 3949 1963 4066 xiiij.
2049 3950 2112 4042 ie.

597 4064 833 4160 videlicet
864 4061 1024 4201 prrdie
1108 4060 1311 4156 alendas
1343 4061 1482 4204 May.
1513 4093 1609 4188 que
1643 4065 1707 4160 est
1727 4066 1896 4191 vigilia
1930 4065 2115 4192 aposto.

598 4183 759 4276 lorum
794 4179 925 4293 Ph1li
963 4181 1016 4304 pi
1048 4192 1099 4272 et
1123 4178 1305 4273 Iacobi.
1337 4179 1494 4276 Ferra.
1521 4198 1582 4277 v⁸·
1621 4197 1735 4276 ante
1766 4198 1961 4308 portam
1993 4185 2112 4279 Sco·

334 4359 338 4366 -
474 4411 480 4428 ·
598 4314 776 4393 torum.
804 4327 910 4394 non
926 4212 1093 4422 longe.
1117 4325 1145 4388 a
1167 4293 1348 4393 fossato.
1382 4298 1465 4392 led
1485 4300 1538 4391 in
1560 4300 1764 4395 modum
1787 4303 1911 4394 ictus
1931 4299 2112 4395 mallei.

599 4419 650 4508 ln
676 4400 886 4541 quadam
911 4414 1071 4510 Curia.
1098 4412 1181 4506 vbi
1202 4411 1385 4508 lateres
1410 4415 1746 4512 conficiuntur.
1774 4449 1840 4512 ex
1863 4418 2114 4544 inprouisu

598 4533 866 4628 hominum.
895 4532 1055 4659 proch
1093 4527 1240 4624 dolor
1276 4546 1476 4627 exortus
1515 4533 1580 4627 est
1610 4536 1749 4660 ignis.
1781 4533 1937 4630 austro
1969 4537 2113 4630 meri·

599 4647 786 4745 dionali
812 4666 963 4744 vento
990 4647 1313 4746 ‚vehementer
1348 4652 1597 4748 conflenti.
1628 4669 1678 4747 et
1701 4681 1816 4746 ecce
1851 4654 2029 4748 iterum
2063 4667 2116 4747 et

479 4826 482 4834 ,
600 4771 763 4890 tercio·
778 4768 879 4896 ipsa
904 4768 1075 4862 ciuitas
1099 4766 1328 4863 Wienna
1363 4765 1491 4864 infra
1516 4786 1570 4867 et
1590 4785 1729 4868 extra
1749 4799 1915 4867 muros
1937 4800 2112 4868 omnes

1906 4902 2055 5015 porte
