4717 6050
696 457 774 544 62⁶.
1008 438 1112 518 vl:
1172 427 1797 520 scflssl'novllr

642 643 906 772 ingressum
944 635 1128 736 summa
1159 635 1382 736 instantia
1396 637 1706 854 postulabat)
1736 637 1992 766 praefectis
2026 681 2120 750 uero

649 779 703 859 et
729 761 989 884 capitanei
1020 758 1286 852 machinas.
1314 773 1367 852 et
1420 758 1695 852 ortalicium
1724 788 1816 884 pro
1844 789 2016 888 magna·
2038 799 2121 891 po.

648 898 729 994 te,
759 909 822 972 ex
850 877 1089 1000 superiori
1118 890 1170 969 et
1199 874 1423 1008 inferiori
1453 905 1564 968 arce
1594 878 1840 999 impetere
1872 893 1923 972 et
1961 879 2122 980 diruere

648 995 950 1097 nitebantur.
1009 995 1052 1088 E
1086 1009 1258 1088 contra
1293 996 1428 1089 ciues
1460 1023 1564 1113 non
1595 994 1768 1116 segnes
1800 997 1947 1088 etiam
1976 1001 2128 1095 machi

649 1119 732 1212 uis
764 1127 816 1207 et
836 1109 1134 1205 bombardis
1166 1111 1262 1204 suis
1297 1109 1509 1204 Castrum
1544 1109 1749 1204 inferius
1780 1109 1971 1206 fortiter
1999 1147 2125 1241 oppu.

649 1263 801 1359 gnare
832 1244 1133 1354 coeperunt,
1164 1243 1217 1320 et
1250 1231 1401 1324 tantis
1432 1227 1616 1322 viribus
1648 1243 1702 1322 vt
1750 1259 1812 1322 ex
1844 1229 2022 1353 septem
2049 1265 2131 1326 ma·⁴

633 1351 810 1454 ,chinis
840 1363 1052 1471 quatuor
1083 1347 1396 1439 centenarios
1426 1345 1827 1470 proficientibus,
1857 1377 1953 1440 vna
1973 1349 2046 1442 die
2064 1354 2131 1444 tri·

650 1471 788 1593 ginta
821 1462 998 1556 ictibus
1035 1477 1328 1587 quaterent,
1371 1477 1422 1555 et
1453 1463 1565 1556 satis
1599 1461 1761 1588 spissos
1799 1493 1964 1557 muros
1995 1465 2130 1590 perio·

647 1596 832 1678 rarent.
890 1579 993 1672 Istis
1033 1581 1487 1718 impugnationibus
1533 1580 1591 1672 sm
1633 1577 1740 1672 fieri
1777 1579 2136 1706 incipientibus,

650 1695 928 1796 Cardinolis
958 1695 1020 1789 ab
1044 1697 1233 1791 Ansina
1259 1701 1489 1809 veniens,
1518 1695 1887 1792 intromissusin
1914 1699 2134 1794 ciuitatem

651 1821 832 1929 fertur,
909 1817 959 1906 ui
995 1829 1163 1908 tamen
1203 1845 1304 1906 non
1348 1813 1433 1908 diu
1467 1813 1537 1908 ibi
1568 1844 1759 1907 moram
1790 1817 1940 1910 traxit
1973 1817 2025 1908 in
2053 1817 2137 1930 Au·

650 1937 807 2034 siriam
847 1845 912 2028 eb
942 1931 1177 2030 reuersus.
1221 1929 1343 2025 siunt
1374 1935 1564 2026 interea
1596 1930 1966 2045 dimicationes,
1995 1933 2134 2028 iucem

593 2076 602 2092 ·
649 2051 760 2164 dia,
790 2053 1002 2176 rapinae,
1034 2048 1202 2143 coedes
1226 2065 1277 2143 et
1298 2047 1707 2174 depraedationes.
1773 2045 1919 2142 Certe
1943 2047 2138 2144 odiosum

649 2171 837 2286 bellum
875 2165 994 2279 suit,
1025 2168 1136 2260 eum
1170 2193 1351 2290 magno
1381 2167 1592 2290 partium
1612 2163 1933 2260 incommodo
1958 2164 2139 2378 gestum,

610 2289 703 2402 ⁸in
739 2317 842 2410 quo
880 2313 985 2378 non
1020 2281 1155 2376 eliud
1211 2313 1357 2407 quam
1392 2283 1548 2376 altera
1568 2280 1762 2376 damna
1789 2313 1956 2406 quaere
1993 2299 2143 2394 antur,

648 2402 715 2498 ud
739 2403 936 2528 plenam
955 2399 1162 2508 ,diocesis
1187 2397 1597 2511 deuastationem,
1629 2419 1739 2492 eum
1764 2402 1898 2494 enim
1924 2397 2141 2496 exatmuti

642 2522 831 2618 mutuis
864 2517 1013 2614 essent
1043 2515 1372 2612 incommodis
1395 2515 1641 2611 exhauste.
1657 2547 1814 2630 arcae,
1841 2533 1895 2611 et
1914 2527 2055 2613 terrei
2071 2515 2141 2610 mi·

644 2639 755 2734 sere
787 2635 1046 2732 deuanatae
1078 2633 1214 2728 bello
1246 2632 1378 2747 fessi3
1408 2633 1610 2734 tandem
1643 2632 1707 2728 ad
1734 2634 2052 2730 concordiem
2081 2663 2142 2728 re·

650 2756 802 2849 diere.
880 2783 974 2847 ene
1005 2781 1109 2844 non
1142 2752 1395 2864 valentes,
1430 2750 1626 2844 admisso
1651 2754 1702 2844 in
1760 2750 2059 2846 ossessionem
2081 2781 2143 2846 ec·

646 2871 807 2966 clesrae
838 2785 1230 3004 gardinasicum
1265 2869 1557 3004 suceessione
1590 2868 1641 2986 (si
1671 2781 1872 2962 arfeum
1899 2870 2031 2976 diem
2053 2897 2145 2993 per·

649 2990 874 3107 ueniret)
921 2983 1158 3079 Frrdenei
1199 2985 1335 3115 quod
1372 2985 1524 3083 statim
1552 2982 1660 3111 post·
1691 2993 1880 3081 euenitu
1932 2987 2059 3083 Nam
2091 2985 2145 3079 di·

604 3214 608 3222 ,
650 3122 759 3200 etus
786 3102 1033 3228 Georgius
1056 3100 1329 3197 cardinalis
1361 3134 1467 3199 non
1490 3102 1577 3197 diu
1599 3101 1706 3227 post
1728 3106 1972 3203 wiennae..
1992 3108 2047 3199 in.
2062 3104 2146 3197 istu

649 3220 882 3317 conce-siit
925 3238 976 3315 et
1007 3220 1060 3311 in
1091 3220 1291 3317 ecclesia
1329 3220 1463 3315 diuae
1493 3220 1703 3346 Virginis
1737 3220 1916 3317 Mariae
1951 3225 2005 3317 iu
2033 3223 2150 3315 litto

649 3370 704 3434 re
753 3316 937 3433 ibidem
980 3337 1252 3433 honorifice
1298 3338 1380 3447 esi
1404 3338 1648 3475 sepultus,
1689 3341 1741 3431 in
1785 3342 1927 3437 cuius
1962 3335 2176 3437 tumbali.

579 3467 583 3479 '
647 3456 816 3595 lapide
846 3457 953 3549 hoec
983 3455 1032 3549 se
1070 3487 1192 3548 uens
1221 3447 1504 3579 subscriptio
1536 3458 1829 3549 continemur
1902 3462 2056 3553 Anno
2077 3454 2148 3547 do·

648 3570 769 3671 mini
798 3486 1279 3667 mccccflxxxn.
1309 3572 1391 3666 die
1427 3569 1701 3667 Sabbathot
1739 3575 1844 3667 xxi..
1873 3576 2050 3670 mensis
2078 3572 2149 3667 Se·

685 3690 887 3785 tembris
919 3694 969 3784 in
990 3688 1072 3784 die
1096 3688 1501 3785 Sancti-Mathai
1520 3689 1729 3829 apostoli·
1756 3707 1809 3787 et
1824 3690 2153 3821 Euangelisae.

647 3722 788 3932 bbijt
820 3807 1147 3901 Reuerendus
1166 3814 1325 3945 'pater
1359 3822 1409 3901 et
1441 3807 1698 3922 dominus,
1734 3808 1970 3907 dominus
2011 3810 2146 3907 Geor·

682 3929 756 4021 ius
779 3926 959 4019 Hester
990 3924 1502 4021 miseratione'diuina·
1527 3926 1661 4021 tituli.
1688 3923 1884 4023 Sanctae
1911 3930 2082 4027 Luciae
2109 3928 2151 4019 in·

525 4105 527 4110 -
647 3956 798 4141 §ilice
822 4043 1072 4137 Romame
1105 4042 1320 4138 ecclesias
1348 4040 1618 4185 Presbyter
1652 4043 1934 4143 Cardinalis
1970 4064 2025 4145 et
2053 4044 2152 4169 Epi-

642 4164 828 4283 seopus.
855 4159 1176 4255 Patuumnsis..
1228 4158 1515 4285 Consepulti
1554 4162 1662 4255 sunt
1704 4162 1894 4259 eodem
1925 4198 2071 4262 anno:
2103 4160 2159 4256 et'

646 4281 802 4372 latere
827 4280 963 4371 iuxta
993 4287 1104 4372 eum
1126 4278 1211 4377 sub
1234 4280 1333 4373 alio
1356 4277 1553 4415 lapide,
1582 4282 1778 4405 Agatho
1812 4284 2005 4401 mote'r,
2029 4286 2148 4380 losn-

527 4419 530 4426 '
646 4412 844 4533 tresque·
869 4394 1059 4534 freter...
1103 4393 1467 4611 Iste2sieorglus
1501 4396 1704 4536 reliquit·
1733 4400 1990 4497 ecclesiam
2026 4401 2148 4497 Pata·

645 4514 861 4607 mensem
894 4513 1218 4653 rndebitatam
1257 4546 1309 4607 rn
1394 4512 1553 4653 ΧΧΧ.
1586 4516 1808 4655 nullibus·
1830 4521 2154 4623 florenorum,-

644 4631 850 4733 berun
878 4645 1003 4729 tune·
1030 4649 1367 4762 unpignoratn.
1389 4632 1744 4760 regiVugunae
1779 4642 1979 4764 oppida
2012 4653 2064 4737 et
2092 4662 2151 4729 at·

853 4784 858 4791 ,
1224 4795 1255 4844 K
1384 4833 1386 4844 .
1993 4786 2105 4867 cestr,
