4717 6050
560 472 600 497 ι
702 445 779 523 „a
993 405 1845 514 .·w.scnnrrov1u1

650 631 741 727 nis.
774 625 1065 721 Sauinianus
1091 627 1370 723 consecrata
1394 626 1593 723 ecclesia
1615 632 1666 723 in
1689 630 1880 727 honore
1910 631 2145 732 sanotisal·

651 746 836 841 uatoris
870 745 1105 868 imprimit
1140 743 1323 871 lignum
1355 744 1523 840 Crucis
1554 746 1677 841 saxis
1709 779 1991 869 murorum,
2022 768 2067 847 et
2086 757 2144 845 s.

649 866 725 959 xis
759 860 1139 987 liquescentibus
1169 877 1324 985 paret.
1351 862 1544 987 preffio.
1616 861 1918 963 construitur
1962 868 2144 966 ecclesie

645 978 805 1077 sancti
832 978 970 1073 Petri
1003 981 1105 1073 viui
1140 980 1245 1104 ipso
1278 982 1506 1093 uiuente,
1545 1010 1696 1193 {uem
1743 985 2029 1097 Sauinianus
2071 1018 2148 1111 pu-

651 1093 789 1188 tabat
822 1094 912 1191 esse
947 1094 1150 1219 pallum,
1200 1098 1430 1192 Alcinum
1464 1111 1515 1190 et
1592 1097 2147 1217 obaldum‘Aurelianis,

649 1210 1010 1311 Potencianum
1040 1227 1092 1306 et
1121 1215 1389 1309 serotinum
1420 1212 1607 1311 Trecas
1637 1218 1813 1329 mittit,
1841 1217 1928 1311 sub
1960 1217 2144 1358 Apollo-

649 1326 813 1443 lorum
844 1330 989 1423 titulo
1019 1328 1194 1426 Trecis
1225 1329 1279 1424 fit
1308 1329 1535 1446 ecclesa,-
1563 1330 1648 1427 sub
1685 1333 1833 1428 titulo
1868 1335 2034 1429 saneti·
2051 1334 2143 1454 Ste-

462 1454 469 1469 '
689 1446 808 1557 hani
845 1446 1126 1541 Aurelianis
1181 1447 1405 1541 Carnatae
1453 1448 1538 1543 sub
1579 1450 1725 1543 titulo
1765 1447 1925 1545 beatae
1963 1455 2012 1544 ti
2067 1454 2145 1544 ’nis

496 1658 500 1663 ,
713 1565 828 1657 atris
858 1562 960 1669 Dei
990 1561 1124 1687 apud
1152 1563 1323 1659 vrbem
1352 1564 1609 1661 Luteciam
1650 1567 1783 1692 (quae
1814 1582 1865 1661 et
1898 1567 2040 1663 Parisr
2101 1564 2145 1661 fit

655 1679 883 1794 ecclelia,
942 1694 994 1774 ct
1036 1680 1169 1805 apud
1222 1679 1493 1778 Crilloilum
1533 1682 1907 1809 antiquissimum
1945 1686 2142 1821 phanum

652 1796 969 1909 subuenitur,
996 1798 1141 1891 multi
1170 1798 1482 1924 baptizantur
1512 1814 1567 1893 et¹
1582 1830 1756 1897 omnes
1783 1804 2144 1903 martirizantur,

527 1966 529 1973 v
649 1914 959 2023 Sauinianus
977 1944 1089 2006 cum
1119 1915 1255 2034 socijs
1297 1914 1564 2031 occiditur,
1605 1916 1940 2012 Potencianus
1987 1914 2142 2011 eodem

651 2028 734 2126 die
765 2060 897 2130 anno
921 2030 1183 2146 reuoluto,
1212 2031 1404 2127 sanctus
1434 2032 1691 2131 Marcialis
1750 2032 2003 2129 uidicitur
2020 2060 2142 2127 cecus

650 2164 797 2258 natus
819 2142 978 2262 fuisse,
1009 2149 1218 2277 mittitur
1244 2148 1570 2263 Lemouicos‚
1598 2149 1684 2244 vbi
1706 2064 1902 2245 latoria
1921 2180 2011 2275 per
2030 2178 2139 2286 eun·

651 2264 769 2366 dem
802 2266 1131 2381 conuertitur,
1175 2281 1226 2361 et
1263 2268 1333 2361 ibi
1370 2267 1693 2362 martirizatur
1731 2269 1908 2393 prima
1931 2267 2174 2373 suenone·-

654 2412 790 2496 rum,
849 2380 1068 2479 Mittitur
1110 2382 1385 2483 Bicturicus
1422 2382 1663 2477 Vrsrcinus
1709 2388 1797 2510 qui
1836 2383 1992 2481 fertur
2031 2378 2145 2475 suise-

651 2496 704 2595 N
707 2498 961 2612 athanael,
994 2501 1252 2594 -mittitur'
1272 2500 1567 2596 Canamatus
1604 2501 1821 2596 Iulianus
1878 2502 1965 2627 qui
2010 2496 2139 2593 senor

652 2613 804 2713 luisse
819 2613 993 2711 Simon
1022 2614 1242 2741 leprosus
1264 2621 1411 2711 trium
1433 2632 1738 2713 mortuorum
1758 2619 2028 2730 suscitator,
2052 2611 2141 2707 Me·

576 2822 578 2827 .
655 2734 720 2826 tis
751 2730 979 2847 Clemens
1020 2748 1223 2873 patruus
1265 2734 1416 2860 Papae
1452 2732 1748 2849 Clementis,
1792 2733 2026 2832 Treueris
2061 2730 2140 2822 Eu·

655 2848 849 2943 charius
874 2848 1095 2944 Velenus
1119 2865 1171 2943 et
1191 2849 1478 2963 Maternus,
1508 2848 1817 2946 Tullenlibus
1848 2848 2136 2952 Mansuetus,

653 2964 955 3090 Petragoriae
976 2964 1196 3081 Franco,
1227 2964 1499 3062 Cathalensr
1514 2964 1657 3088 (alias
1681 2964 2136 3097 Cathalaniae)Meu·

653 3083 779 3193 tius,
811 3094 862 3173 et
881 3079 951 3184 ‚src
981 3080 1158 3178 Petrus
1189 3085 1274 3208 qui
1302 3084 1387 3179 sub
1412 3082 1620 3181 Claudio
1646 3087 1800 3181 Anno·
1821 3085 2010 3180 domiui
2029 3080 2133 3211 xlissJ
2249 3148 2254 3216 ς

655 3190 867 3295 Romam
897 3199 1061 3312 venit,
1105 3213 1155 3293 et
1179 3232 1304 3294 axv.
1336 3207 1478 3303 anuis
1521 3200 1705 3296 ibidem
1745 3199 1891 3298 sedit.
1975 3231 1999 3294 r
2035 3221 2136 3291 occl-

358 3407 365 3424 ,
648 3311 857 3420 'dentem
886 3315 1213 3440 Euangelium
1241 3320 1500 3440 praedicari
1517 3317 1663 3434 seuit,
1692 3333 1744 3412 et
1764 3346 1901 3416 anno
1977 3318 1988 3341 ’
2052 3338 2168 3408 cru·-

479 3510 482 3518 .
657 3429 949 3556 cifigitur-et
979 3430 1487 3534 Paulusdecollatur.
1660 3482 1697 3531 w
2006 3518 2010 3526 .

651 3550 663 3642 ‘.
778 3549 1005 3647 Virorum
1036 3549 1284 3653 illustrium
1318 3552 1414 3646 suae
1443 3552 1605 3677 gentis
1638 3552 1899 3692 grauissimi
1949 3542 2133 3682 nondam

504 3763 509 3771 ,
655 3663 762 3762 ,viri
810 3663 1012 3760 laudum
1071 3681 1122 3762 et
1161 3670 1400 3766 virtutum
1433 3698 1680 3794 praecoma
1728 3671 1887 3768 multa
1917 3584 2131 3805 lollicrtu·

657 3780 773 3889 dine
808 3811 1009 3892 exarare
1041 3782 1331 3898 statuerunt,
1360 3799 1446 3883 aut
1464 3814 1548 3886 :en
1568 3789 1655 3888 ¹eis
1690 3771 2130 3908 intumuerunt

653 3894 857 4024 pendis,
889 3928 954 3992 ac·
974 3929 1093 4008 auro
1121 3899 1261 3998 fuluo
1294 3916 1344 4012 ct
1375 3901 1678 4002 radiantibus
1712 3903 1921 4018 chartis,
1950 3905 2128 4001 innexo
2254 3984 2255 4042 p

657 4045 753 4140 que
784 4017 989 4140 gemmis
1024 4015 1088 4126 ad
1120 4017 1414 4144 posteritatis
1454 4023 1740 4120 memoriam
1758 4099 1763 4110 .
1783 4019 2036 4120 inscribere
2066 4033 2130 4100 tor
2252 4079 2254 4144 τ

652 4131 880 4247 luerunt,
900 4148 952 4227 et
973 4133 1211 4230 librorum
1231 4133 1575 4230 voluminibus.
1599 4137 1729 4230 Hinc
1749 4167 1853 4231 non
1865 4139 1927 4236 ab
1938 4167 1989 4230 re
2000 4133 2044 4226 in
2065 4121 2128 4216 llu-

569 4314 573 4322 ‚
628 4277 828 4372 'porem
853 4247 1101 4374 quendam
1124 4252 1229 4346 lmo
1252 4255 1417 4377 verius
1450 4249 1827 4349 admirationem
1849 4255 2128 4379 conuerteret

658 4393 809 4487 quare
841 4365 1013 4467 harum
1050 4369 1264 4493 partium
1302 4368 1667 4494 etRegionum
1708 4368 1921 4466 similiter
1962 4365 2127 4460 fornum

656 4481 871 4579 virorum
902 4499 1096 4609 patrum
1126 4501 1179 4580 et
1209 4486 1476 4578 amicorum
1498 4484 1580 4579 dei
1602 4489 1797 4613 'egregia
1818 4485 2029 4584 facinora
2049 4493 2125 4598 cre·

656 4593 881 4714 berrimae
906 4631 1110 4726 quoque.
1135 4605 1188 4698 in
1225 4601 1384 4705 hostes
1416 4603 1642 4701 victoriae
1675 4616 1727 4699 et
1768 4621 1867 4726 pro·
1891 4605 2126 4726 lacteam·
2251 4604 2254 4629 ⁴

657 4741 846 4812 marum
875 4715 1074 4816 sudores
1101 4734 1152 4818 et
1171 4717 1439 4846 diligentiae
1463 4717 1523 4814 src
1545 4718 1655 4836 sunt
1677 4717 1905 4854 supressa,
1933 4697 2124 4920 nisrruplstt·
