<?xml version="1.0" encoding="UTF-8"?>
<!DOCTYPE html PUBLIC "-//W3C//DTD XHTML 1.0 Transitional//EN"
    "http://www.w3.org/TR/xhtml1/DTD/xhtml1-transitional.dtd">
<html xmlns="http://www.w3.org/1999/xhtml" xml:lang="en" lang="en">
 <head>
  <title>
</title>
<meta http-equiv="Content-Type" content="text/html;charset=utf-8" />
  <meta name='ocr-system' content='tesseract 3.04.00' />
  <meta name='ocr-capabilities' content='ocr_page ocr_carea ocr_par ocr_line ocrx_word'/>
</head>
<body>
  <div class='ocr_page' id='page_1' title='image "./rerumavstriacar00raucgoog_0521.png"; bbox 0 0 4717 6050; ppageno 0'>
   <div class='ocr_carea' id='block_1_1' title="bbox 737 407 1822 530">
    <p class='ocr_par' dir='ltr' id='par_1_1' title="bbox 737 407 1822 530">
     <span class='ocr_line' id='line_1_1' title="bbox 737 407 1822 530; baseline -0.007 -30"><span class='ocrx_word' id='word_1_1' title='bbox 737 453 816 530; x_wconf 72' lang='lat' dir='ltr'><strong>n·</strong></span> <span class='ocrx_word' id='word_1_2' title='bbox 1057 421 1132 499; x_wconf 77' lang='lat' dir='ltr'><strong>vu</strong></span> <span class='ocrx_word' id='word_1_3' title='bbox 1191 407 1822 496; x_wconf 74' lang='lat' dir='ltr'><strong>ccnn1T0v1u1</strong></span> 
     </span>
    </p>
   </div>
   <div class='ocr_carea' id='block_1_2' title="bbox 682 613 2163 2273">
    <p class='ocr_par' dir='ltr' id='par_1_2' title="bbox 686 613 2156 1454">
     <span class='ocr_line' id='line_1_2' title="bbox 690 613 2153 862; baseline -0.002 -20"><span class='ocrx_word' id='word_1_4' title='bbox 690 613 1811 862; x_wconf 40' lang='lat' dir='ltr'><strong>nullutn&amp;rilllittlnlll:</strong></span> <span class='ocrx_word' id='word_1_5' title='bbox 1831 613 2153 839; x_wconf 49' lang='lat' dir='ltr'><strong>illiniti·</strong></span> 
     </span>
     <span class='ocr_line' id='line_1_3' title="bbox 689 771 2154 994; baseline -0.004 -34"><span class='ocrx_word' id='word_1_6' title='bbox 689 864 778 960; x_wconf 86' lang='lat' dir='ltr'><strong>llra</strong></span> <span class='ocrx_word' id='word_1_7' title='bbox 821 887 1031 986; x_wconf 90' lang='lat' dir='ltr'><strong>quorum</strong></span> <span class='ocrx_word' id='word_1_8' title='bbox 1066 771 1226 994; x_wconf 62' lang='lat' dir='ltr'><strong>mulli</strong></span> <span class='ocrx_word' id='word_1_9' title='bbox 1249 853 1466 993; x_wconf 62' lang='lat' dir='ltr'><strong>creclitur</strong></span> <span class='ocrx_word' id='word_1_10' title='bbox 1499 849 1840 992; x_wconf 81' lang='lat' dir='ltr'><strong>Valckenllein</strong></span> <span class='ocrx_word' id='word_1_11' title='bbox 1871 850 2071 954; x_wconf 87' lang='lat' dir='ltr'><strong>Conradi</strong></span> <span class='ocrx_word' id='word_1_12' title='bbox 2090 859 2154 954; x_wconf 87' lang='lat' dir='ltr'><strong>Su·</strong></span> 
     </span>
     <span class='ocr_line' id='line_1_4' title="bbox 686 967 2156 1226; baseline -0.005 -32"><span class='ocrx_word' id='word_1_13' title='bbox 686 1006 930 1226; x_wconf 50' lang='lat' dir='ltr'><strong>lllircliwllgl</strong></span> <span class='ocrx_word' id='word_1_14' title='bbox 960 967 1559 1230; x_wconf 43' lang='lat' dir='ltr'><strong>pepffisinnpletpizcioffefss</strong></span> <span class='ocrx_word' id='word_1_15' title='bbox 1581 968 1954 1226; x_wconf 53' lang='lat' dir='ltr'><strong>Iuliggitdlelsip</strong></span> <span class='ocrx_word' id='word_1_16' title='bbox 1975 971 2047 1226; x_wconf 60' lang='lat' dir='ltr'><strong>uli</strong></span> <span class='ocrx_word' id='word_1_17' title='bbox 2065 1007 2156 1186; x_wconf 58' lang='lat' dir='ltr'><strong>lexi-</strong></span> 
     </span>
     <span class='ocr_line' id='line_1_5' title="bbox 686 1203 2156 1344; baseline 0.001 -39"><span class='ocrx_word' id='word_1_18' title='bbox 686 1215 792 1315; x_wconf 73' lang='lat' dir='ltr'><strong>lare</strong></span> <span class='ocrx_word' id='word_1_19' title='bbox 837 1224 1012 1334; x_wconf 78' lang='lat' dir='ltr'><strong>coegit.</strong></span> <span class='ocrx_word' id='word_1_20' title='bbox 1098 1210 1342 1343; x_wconf 64' lang='lat' dir='ltr'><strong>(Imerpol,</strong></span> <span class='ocrx_word' id='word_1_21' title='bbox 1375 1227 1538 1344; x_wconf 77' lang='lat' dir='ltr'><strong>recent.</strong></span> <span class='ocrx_word' id='word_1_22' title='bbox 1596 1203 1902 1302; x_wconf 82' lang='lat' dir='ltr'><strong>Godefndus</strong></span> <span class='ocrx_word' id='word_1_23' title='bbox 1945 1208 2156 1337; x_wconf 75' lang='lat' dir='ltr'><strong>episcopio</strong></span> 
     </span>
     <span class='ocr_line' id='line_1_6' title="bbox 687 1325 1689 1454; baseline -0.009 -27"><span class='ocrx_word' id='word_1_24' title='bbox 687 1346 854 1427; x_wconf 84' lang='lat' dir='ltr'><strong>autem</strong></span> <span class='ocrx_word' id='word_1_25' title='bbox 890 1345 1017 1454; x_wconf 77' lang='lat'>1285.</span> <span class='ocrx_word' id='word_1_26' title='bbox 1048 1325 1182 1445; x_wconf 72' lang='lat' dir='ltr'><strong>obijt.</strong></span> <span class='ocrx_word' id='word_1_27' title='bbox 1683 1365 1689 1376; x_wconf 94' lang='lat'><strong>·</strong></span> 
     </span>
    </p>

    <p class='ocr_par' dir='ltr' id='par_1_3' title="bbox 682 1439 2163 2273">
     <span class='ocr_line' id='line_1_7' title="bbox 807 1439 2161 1568; baseline -0.001 -28"><span class='ocrx_word' id='word_1_28' title='bbox 807 1441 1124 1540; x_wconf 85' lang='lat' dir='ltr'><strong>Bernhardus</strong></span> <span class='ocrx_word' id='word_1_29' title='bbox 1156 1473 1185 1535; x_wconf 91' lang='lat' dir='ltr'><strong>e</strong></span> <span class='ocrx_word' id='word_1_30' title='bbox 1223 1442 1415 1568; x_wconf 78' lang='lat' dir='ltr'><strong>ilcopuc</strong></span> <span class='ocrx_word' id='word_1_31' title='bbox 1444 1439 1748 1536; x_wconf 81' lang='lat' dir='ltr'><strong>Patauienlia</strong></span> <span class='ocrx_word' id='word_1_32' title='bbox 1778 1439 2028 1538; x_wconf 85' lang='lat' dir='ltr'><strong>ordinatur</strong></span> <span class='ocrx_word' id='word_1_33' title='bbox 2046 1439 2161 1542; x_wconf 84' lang='lat' dir='ltr'><strong>Auno</strong></span> 
     </span>
     <span class='ocr_line' id='line_1_8' title="bbox 688 1556 2159 1660; baseline -0.004 0"><span class='ocrx_word' id='word_1_34' title='bbox 688 1563 881 1660; x_wconf 91' lang='lat' dir='ltr'><strong>domini</strong></span> <span class='ocrx_word' id='word_1_35' title='bbox 923 1557 1111 1657; x_wconf 89' lang='lat' dir='ltr'>MCCL</span> <span class='ocrx_word' id='word_1_36' title='bbox 1261 1560 1318 1653; x_wconf 89' lang='lat' dir='ltr'><strong>V.</strong></span> <span class='ocrx_word' id='word_1_37' title='bbox 1362 1556 1486 1653; x_wconf 93' lang='lat' dir='ltr'><strong>sedit</strong></span> <span class='ocrx_word' id='word_1_38' title='bbox 1525 1563 1667 1655; x_wconf 83' lang='lat' dir='ltr'><strong>annis</strong></span> <span class='ocrx_word' id='word_1_39' title='bbox 1718 1589 1828 1656; x_wconf 84' lang='lat' dir='ltr'>xxx.</span> <span class='ocrx_word' id='word_1_40' title='bbox 1887 1559 1982 1654; x_wconf 86' lang='lat' dir='ltr'><strong>Hic</strong></span> <span class='ocrx_word' id='word_1_41' title='bbox 2010 1559 2091 1654; x_wconf 83' lang='lat' dir='ltr'><strong>fuit</strong></span> <span class='ocrx_word' id='word_1_42' title='bbox 2114 1557 2159 1654; x_wconf 84' lang='lat' dir='ltr'><strong>dc</strong></span> 
     </span>
     <span class='ocr_line' id='line_1_9' title="bbox 688 1674 2160 1808; baseline -0.003 -33"><span class='ocrx_word' id='word_1_43' title='bbox 688 1711 872 1808; x_wconf 85' lang='lat' dir='ltr'><strong>genere</strong></span> <span class='ocrx_word' id='word_1_44' title='bbox 911 1677 1154 1774; x_wconf 87' lang='lat' dir='ltr'>nobilium</span> <span class='ocrx_word' id='word_1_45' title='bbox 1184 1674 1249 1770; x_wconf 88' lang='lat' dir='ltr'><strong>de</strong></span> <span class='ocrx_word' id='word_1_46' title='bbox 1280 1674 1574 1772; x_wconf 86' lang='lat' dir='ltr'><strong>Praunbach</strong></span> <span class='ocrx_word' id='word_1_47' title='bbox 1609 1692 1774 1791; x_wconf 84' lang='lat' dir='ltr'><strong>ortus,</strong></span> <span class='ocrx_word' id='word_1_48' title='bbox 1816 1676 1954 1774; x_wconf 87' lang='lat' dir='ltr'><strong>ducis</strong></span> <span class='ocrx_word' id='word_1_49' title='bbox 1984 1675 2160 1785; x_wconf 74' lang='lat' dir='ltr'><strong>subditus</strong></span> 
     </span>
     <span class='ocr_line' id='line_1_10' title="bbox 690 1792 2160 1908; baseline -0.005 -14"><span class='ocrx_word' id='word_1_50' title='bbox 690 1813 743 1894; x_wconf 87' lang='lat' dir='ltr'><strong>et</strong></span> <span class='ocrx_word' id='word_1_51' title='bbox 774 1799 905 1892; x_wconf 81' lang='lat' dir='ltr'><strong>mitis</strong></span> <span class='ocrx_word' id='word_1_52' title='bbox 941 1792 1200 1908; x_wconf 85' lang='lat' dir='ltr'><strong>omnibus,</strong></span> <span class='ocrx_word' id='word_1_53' title='bbox 1241 1793 1326 1888; x_wconf 91' lang='lat' dir='ltr'><strong>sed</strong></span> <span class='ocrx_word' id='word_1_54' title='bbox 1361 1797 1415 1887; x_wconf 94' lang='lat' dir='ltr'><strong>in</strong></span> <span class='ocrx_word' id='word_1_55' title='bbox 1450 1825 1511 1888; x_wconf 89' lang='lat' dir='ltr'><strong>co</strong></span> <span class='ocrx_word' id='word_1_56' title='bbox 1564 1796 1574 1816; x_wconf 75' lang='lat'><strong><em>⁶</em></strong></span> <span class='ocrx_word' id='word_1_57' title='bbox 1612 1793 1754 1890; x_wconf 90' lang='lat' dir='ltr'><strong>endis</strong></span> <span class='ocrx_word' id='word_1_58' title='bbox 1783 1793 2075 1890; x_wconf 85' lang='lat' dir='ltr'><strong>subditorum</strong></span> <span class='ocrx_word' id='word_1_59' title='bbox 2103 1823 2160 1886; x_wconf 82' lang='lat' dir='ltr'><strong>ex·</strong></span> 
     </span>
     <span class='ocr_line' id='line_1_11' title="bbox 689 1911 2161 2037; baseline -0.006 -24"><span class='ocrx_word' id='word_1_60' title='bbox 689 1913 892 2013; x_wconf 81' lang='lat' dir='ltr'><strong>collibus</strong></span> <span class='ocrx_word' id='word_1_61' title='bbox 932 1912 1199 2037; x_wconf 91' lang='lat' dir='ltr'><strong>plurimum</strong></span> <span class='ocrx_word' id='word_1_62' title='bbox 1240 1911 1483 2027; x_wconf 87' lang='lat' dir='ltr'><strong>remissus,</strong></span> <span class='ocrx_word' id='word_1_63' title='bbox 1600 1941 1717 2006; x_wconf 91' lang='lat' dir='ltr'><strong>num</strong></span> <span class='ocrx_word' id='word_1_64' title='bbox 1760 1929 1927 2008; x_wconf 79' lang='lat' dir='ltr'><strong>tomen</strong></span> <span class='ocrx_word' id='word_1_65' title='bbox 1967 1911 2161 2008; x_wconf 75' lang='lat' dir='ltr'><strong>memorii</strong></span> 
     </span>
     <span class='ocr_line' id='line_1_12' title="bbox 686 2025 2163 2158; baseline -0.007 -31"><span class='ocrx_word' id='word_1_66' title='bbox 686 2031 891 2158; x_wconf 86' lang='lat' dir='ltr'><strong>dignum</strong></span> <span class='ocrx_word' id='word_1_67' title='bbox 925 2059 1054 2154; x_wconf 87' lang='lat' dir='ltr'><strong>opus</strong></span> <span class='ocrx_word' id='word_1_68' title='bbox 1119 2027 1249 2143; x_wconf 85' lang='lat' dir='ltr'><strong>ellit,</strong></span> <span class='ocrx_word' id='word_1_69' title='bbox 1278 2028 1417 2156; x_wconf 90' lang='lat' dir='ltr'><strong>quod</strong></span> <span class='ocrx_word' id='word_1_70' title='bbox 1446 2027 1789 2124; x_wconf 82' lang='lat' dir='ltr'><strong>monasterium</strong></span> <span class='ocrx_word' id='word_1_71' title='bbox 1816 2029 1975 2124; x_wconf 83' lang='lat' dir='ltr'><strong>Cellae</strong></span> <span class='ocrx_word' id='word_1_72' title='bbox 2002 2025 2163 2154; x_wconf 83' lang='lat' dir='ltr'><strong>angelo·</strong></span> 
     </span>
     <span class='ocr_line' id='line_1_13' title="bbox 682 2057 2162 2273; baseline -0.007 -27"><span class='ocrx_word' id='word_1_73' title='bbox 682 2179 793 2246; x_wconf 85' lang='lat' dir='ltr'><strong>rum</strong></span> <span class='ocrx_word' id='word_1_74' title='bbox 814 2057 1138 2245; x_wconf 67' lang='lat' dir='ltr'><strong>Cillerciensis</strong></span> <span class='ocrx_word' id='word_1_75' title='bbox 1164 2143 1352 2241; x_wconf 85' lang='lat' dir='ltr'>ordinis</span> <span class='ocrx_word' id='word_1_76' title='bbox 1386 2146 1470 2241; x_wconf 88' lang='lat' dir='ltr'><strong>vbi</strong></span> <span class='ocrx_word' id='word_1_77' title='bbox 1495 2161 1546 2241; x_wconf 88' lang='lat' dir='ltr'><strong>et</strong></span> <span class='ocrx_word' id='word_1_78' title='bbox 1572 2149 1802 2273; x_wconf 84' lang='lat' dir='ltr'><strong>quiescit,</strong></span> <span class='ocrx_word' id='word_1_79' title='bbox 1831 2147 2078 2256; x_wconf 81' lang='lat' dir='ltr'><strong>fundauit,</strong></span> <span class='ocrx_word' id='word_1_80' title='bbox 2097 2169 2162 2236; x_wconf 85' lang='lat' dir='ltr'><strong>nec</strong></span> 
     </span>
    </p>
   </div>
   <div class='ocr_carea' id='block_1_3' title="bbox 684 2261 2172 3189">
    <p class='ocr_par' dir='ltr' id='par_1_4' title="bbox 684 2261 2166 2639">
     <span class='ocr_line' id='line_1_14' title="bbox 684 2261 2165 2394; baseline -0.005 -32"><span class='ocrx_word' id='word_1_81' title='bbox 684 2297 791 2364; x_wconf 86' lang='lat' dir='ltr'><strong>non</strong></span> <span class='ocrx_word' id='word_1_82' title='bbox 836 2279 896 2359; x_wconf 82' lang='lat' dir='ltr'><strong>et</strong></span> <span class='ocrx_word' id='word_1_83' title='bbox 918 2264 1124 2358; x_wconf 86' lang='lat' dir='ltr'><strong>chorum</strong></span> <span class='ocrx_word' id='word_1_84' title='bbox 1161 2263 1380 2358; x_wconf 84' lang='lat' dir='ltr'><strong>ccclesiae</strong></span> <span class='ocrx_word' id='word_1_85' title='bbox 1414 2263 1719 2360; x_wconf 83' lang='lat' dir='ltr'><strong>Patauienlis</strong></span> <span class='ocrx_word' id='word_1_86' title='bbox 1763 2297 1859 2360; x_wconf 89' lang='lat' dir='ltr'><strong>vna</strong></span> <span class='ocrx_word' id='word_1_87' title='bbox 1891 2295 2001 2359; x_wconf 89' lang='lat' dir='ltr'><strong>cum</strong></span> <span class='ocrx_word' id='word_1_88' title='bbox 2034 2261 2165 2394; x_wconf 72' lang='lat' dir='ltr'><strong>Cripu</strong></span> 
     </span>
     <span class='ocr_line' id='line_1_15' title="bbox 686 2369 2166 2508; baseline -0.007 -30"><span class='ocrx_word' id='word_1_89' title='bbox 686 2369 919 2478; x_wconf 73' lang='lat' dir='ltr'><strong>desubtus</strong></span> <span class='ocrx_word' id='word_1_90' title='bbox 959 2411 1072 2508; x_wconf 81' lang='lat' dir='ltr'><strong>quae</strong></span> <span class='ocrx_word' id='word_1_91' title='bbox 1101 2379 1169 2474; x_wconf 96' lang='lat' dir='ltr'><strong>ob</strong></span> <span class='ocrx_word' id='word_1_92' title='bbox 1193 2379 1477 2476; x_wconf 81' lang='lat' dir='ltr'><strong>vetustatem</strong></span> <span class='ocrx_word' id='word_1_93' title='bbox 1545 2384 1784 2476; x_wconf 84' lang='lat' dir='ltr'><strong>lurimam·</strong></span> <span class='ocrx_word' id='word_1_94' title='bbox 1803 2381 2075 2477; x_wconf 84' lang='lat' dir='ltr'>minabatur</span> <span class='ocrx_word' id='word_1_95' title='bbox 2091 2405 2166 2474; x_wconf 79' lang='lat' dir='ltr'><strong>‚ru-</strong></span> 
     </span>
     <span class='ocr_line' id='line_1_16' title="bbox 684 2496 2118 2639; baseline -0.006 -43"><span class='ocrx_word' id='word_1_96' title='bbox 684 2531 802 2596; x_wconf 90' lang='lat' dir='ltr'><strong>nam</strong></span> <span class='ocrx_word' id='word_1_97' title='bbox 832 2497 1397 2593; x_wconf 79' lang='lat' dir='ltr'><strong>docenter-reformauit</strong></span> <span class='ocrx_word' id='word_1_98' title='bbox 1523 2503 1600 2593; x_wconf 90' lang='lat' dir='ltr'><strong>uic</strong></span> <span class='ocrx_word' id='word_1_99' title='bbox 1636 2497 1934 2595; x_wconf 88' lang='lat' dir='ltr'><strong>Bernhardo</strong></span> <span class='ocrx_word' id='word_1_100' title='bbox 1973 2496 2118 2639; x_wconf 85' lang='lat' dir='ltr'><strong>episco</strong></span> 
     </span>
    </p>

    <p class='ocr_par' dir='ltr' id='par_1_5' title="bbox 684 2607 2172 3189">
     <span class='ocr_line' id='line_1_17' title="bbox 685 2607 2171 2742; baseline -0.007 -29"><span class='ocrx_word' id='word_1_101' title='bbox 685 2619 861 2713; x_wconf 86' lang='lat' dir='ltr'><strong>ciuitas</strong></span> <span class='ocrx_word' id='word_1_102' title='bbox 909 2613 1213 2711; x_wconf 87' lang='lat' dir='ltr'><strong>Patauienlis</strong></span> <span class='ocrx_word' id='word_1_103' title='bbox 1252 2615 1299 2708; x_wconf 90' lang='lat' dir='ltr'><strong>se</strong></span> <span class='ocrx_word' id='word_1_104' title='bbox 1344 2618 1600 2742; x_wconf 87' lang='lat' dir='ltr'><strong>opposuit,</strong></span> <span class='ocrx_word' id='word_1_105' title='bbox 1642 2619 1795 2712; x_wconf 85' lang='lat' dir='ltr'><strong>Anno</strong></span> <span class='ocrx_word' id='word_1_106' title='bbox 1838 2616 2028 2712; x_wconf 80' lang='lat' dir='ltr'><strong>domini</strong></span> <span class='ocrx_word' id='word_1_107' title='bbox 2060 2607 2171 2708; x_wconf 86' lang='lat' dir='ltr'><strong>Mc</strong></span> 
     </span>
     <span class='ocr_line' id='line_1_18' title="bbox 684 2731 2171 2859; baseline -0.005 -29"><span class='ocrx_word' id='word_1_108' title='bbox 684 2733 903 2830; x_wconf 89' lang='lat' dir='ltr'><strong>XCVIII.</strong></span> <span class='ocrx_word' id='word_1_109' title='bbox 957 2747 1009 2827; x_wconf 91' lang='lat' dir='ltr'><strong>et</strong></span> <span class='ocrx_word' id='word_1_110' title='bbox 1037 2747 1138 2826; x_wconf 89' lang='lat' dir='ltr'><strong>tam</strong></span> <span class='ocrx_word' id='word_1_111' title='bbox 1169 2731 1444 2856; x_wconf 74' lang='lat' dir='ltr'><strong>Episcopus</strong></span> <span class='ocrx_word' id='word_1_112' title='bbox 1488 2764 1634 2859; x_wconf 85' lang='lat' dir='ltr'><strong>quam</strong></span> <span class='ocrx_word' id='word_1_113' title='bbox 1675 2732 1920 2829; x_wconf 89' lang='lat' dir='ltr'><strong>Canonici</strong></span> <span class='ocrx_word' id='word_1_114' title='bbox 1958 2735 2171 2829; x_wconf 83' lang='lat' dir='ltr'><strong>ciuitatem</strong></span> 
     </span>
     <span class='ocr_line' id='line_1_19' title="bbox 684 2849 2172 3189; baseline -0.005 -242"><span class='ocrx_word' id='word_1_115' title='bbox 684 2864 927 2947; x_wconf 84' lang='lat' dir='ltr'><strong>excuntes</strong></span> <span class='ocrx_word' id='word_1_116' title='bbox 979 2879 1088 2942; x_wconf 86' lang='lat' dir='ltr'><strong>cam</strong></span> <span class='ocrx_word' id='word_1_117' title='bbox 1108 2856 1222 3189; x_wconf 50' lang='grc' dir='ltr'><strong>ἔτ</strong></span> <span class='ocrx_word' id='word_1_118' title='bbox 1267 2853 1829 2946; x_wconf 85' lang='lat' dir='ltr'><strong>excommunicationem</strong></span> <span class='ocrx_word' id='word_1_119' title='bbox 1874 2855 1930 2948; x_wconf 93' lang='lat' dir='ltr'><strong>in</strong></span> <span class='ocrx_word' id='word_1_120' title='bbox 1975 2849 2172 2976; x_wconf 75' lang='lat' dir='ltr'><strong>personas</strong></span> 
     </span>
    </p>
   </div>
   <div class='ocr_carea' id='block_1_4' title="bbox 686 2963 2173 3095">
    <p class='ocr_par' dir='ltr' id='par_1_6' title="bbox 686 2963 2173 3095">
     <span class='ocr_line' id='line_1_20' title="bbox 686 2963 2173 3095; baseline -0.007 -31"><span class='ocrx_word' id='word_1_121' title='bbox 686 2984 739 3064; x_wconf 86' lang='lat' dir='ltr'><strong>et</strong></span> <span class='ocrx_word' id='word_1_122' title='bbox 775 2963 1092 3065; x_wconf 87' lang='lat' dir='ltr'><strong>interdictum</strong></span> <span class='ocrx_word' id='word_1_123' title='bbox 1187 2964 1473 3081; x_wconf 87' lang='lat' dir='ltr'><strong>iritualiter‚</strong></span> <span class='ocrx_word' id='word_1_124' title='bbox 1504 2983 1556 3065; x_wconf 89' lang='lat' dir='ltr'><strong>et</strong></span> <span class='ocrx_word' id='word_1_125' title='bbox 1587 2970 1735 3063; x_wconf 88' lang='lat' dir='ltr'><strong>etiam</strong></span> <span class='ocrx_word' id='word_1_126' title='bbox 1769 2997 1859 3095; x_wconf 88' lang='lat' dir='ltr'><strong>per</strong></span> <span class='ocrx_word' id='word_1_127' title='bbox 1894 2967 2173 3065; x_wconf 70' lang='lat' dir='ltr'><strong>machnase</strong></span> 
     </span>
    </p>
   </div>
   <div class='ocr_carea' id='block_1_5' title="bbox 503 3082 2172 3211">
    <p class='ocr_par' dir='ltr' id='par_1_7' title="bbox 503 3082 2172 3211">
     <span class='ocr_line' id='line_1_21' title="bbox 503 3082 2172 3211; baseline -0.005 -29"><span class='ocrx_word' id='word_1_128' title='bbox 503 3108 510 3117; x_wconf 82' lang='grc'>’</span> <span class='ocrx_word' id='word_1_129' title='bbox 681 3099 855 3182; x_wconf 86' lang='lat' dir='ltr'><strong>monte</strong></span> <span class='ocrx_word' id='word_1_130' title='bbox 895 3082 1065 3179; x_wconf 85' lang='lat' dir='ltr'><strong>Sancti</strong></span> <span class='ocrx_word' id='word_1_131' title='bbox 1109 3193 1113 3201; x_wconf 24' lang='lat' dir='ltr'><em>s</em></span> <span class='ocrx_word' id='word_1_132' title='bbox 1160 3084 1346 3211; x_wconf 72' lang='lat' dir='ltr'><strong>congii,</strong></span> <span class='ocrx_word' id='word_1_133' title='bbox 1391 3100 1441 3179; x_wconf 88' lang='lat' dir='ltr'><strong>et</strong></span> <span class='ocrx_word' id='word_1_134' title='bbox 1472 3085 1589 3201; x_wconf 19' lang='lat' dir='ltr'><strong>&#39;aliis</strong></span> <span class='ocrx_word' id='word_1_135' title='bbox 1624 3084 1786 3181; x_wconf 85' lang='lat' dir='ltr'><strong>modis</strong></span> <span class='ocrx_word' id='word_1_136' title='bbox 1827 3084 2039 3183; x_wconf 80' lang='lat' dir='ltr'><strong>eosdem</strong></span> <span class='ocrx_word' id='word_1_137' title='bbox 2068 3083 2172 3177; x_wconf 76' lang='lat' dir='ltr'><strong>ciues</strong></span> 
     </span>
    </p>
   </div>
   <div class='ocr_carea' id='block_1_6' title="bbox 546 3198 2174 4623">
    <p class='ocr_par' dir='ltr' id='par_1_8' title="bbox 577 3198 2174 3916">
     <span class='ocr_line' id='line_1_22' title="bbox 683 3198 2174 3350; baseline -0.005 -51"><span class='ocrx_word' id='word_1_138' title='bbox 683 3202 896 3299; x_wconf 88' lang='lat' dir='ltr'><strong>ciuiliter</strong></span> <span class='ocrx_word' id='word_1_139' title='bbox 916 3204 980 3297; x_wconf 90' lang='lat' dir='ltr'><strong>im</strong></span> <span class='ocrx_word' id='word_1_140' title='bbox 1020 3202 1232 3350; x_wconf 61' lang='lat' dir='ltr'><strong>opstant,</strong></span> <span class='ocrx_word' id='word_1_141' title='bbox 1260 3201 1499 3297; x_wconf 84' lang='lat' dir='ltr'><strong>volebant</strong></span> <span class='ocrx_word' id='word_1_142' title='bbox 1530 3203 1661 3295; x_wconf 89' lang='lat' dir='ltr'><strong>enim</strong></span> <span class='ocrx_word' id='word_1_143' title='bbox 1692 3200 1922 3327; x_wconf 83' lang='lat' dir='ltr'><strong>praedicti</strong></span> <span class='ocrx_word' id='word_1_144' title='bbox 1959 3206 2087 3299; x_wconf 82' lang='lat' dir='ltr'><strong>ciues</strong></span> <span class='ocrx_word' id='word_1_145' title='bbox 2113 3198 2174 3331; x_wconf 72' lang='lat' dir='ltr'><strong>ha·</strong></span> 
     </span>
     <span class='ocr_line' id='line_1_23' title="bbox 682 3234 2174 3445; baseline -0.003 -30"><span class='ocrx_word' id='word_1_146' title='bbox 682 3320 804 3415; x_wconf 90' lang='lat' dir='ltr'><strong>bere</strong></span> <span class='ocrx_word' id='word_1_147' title='bbox 834 3234 1116 3445; x_wconf 66' lang='lat' dir='ltr'><strong>Magisrum</strong></span> <span class='ocrx_word' id='word_1_148' title='bbox 1153 3318 1349 3413; x_wconf 71' lang='lat' dir='ltr'><strong>cinnum.</strong></span> <span class='ocrx_word' id='word_1_149' title='bbox 1393 3316 1632 3414; x_wconf 75' lang='lat' dir='ltr'><strong>Consules</strong></span> <span class='ocrx_word' id='word_1_150' title='bbox 1666 3318 2174 3416; x_wconf 74' lang='lat' dir='ltr'><strong>etroctores-oiuitatu</strong></span> 
     </span>
     <span class='ocr_line' id='line_1_24' title="bbox 681 3434 2171 3646; baseline -0.006 -114"><span class='ocrx_word' id='word_1_151' title='bbox 681 3437 903 3551; x_wconf 86' lang='lat' dir='ltr'><strong>electos,</strong></span> <span class='ocrx_word' id='word_1_152' title='bbox 944 3436 1169 3563; x_wconf 84' lang='lat' dir='ltr'><strong>Sigillum</strong></span> <span class='ocrx_word' id='word_1_153' title='bbox 1218 3434 1458 3646; x_wconf 50' lang='lat' dir='ltr'><strong>paenale,</strong></span> <span class='ocrx_word' id='word_1_154' title='bbox 1500 3450 1552 3565; x_wconf 85' lang='lat' dir='ltr'><strong>et</strong></span> <span class='ocrx_word' id='word_1_155' title='bbox 1582 3467 1871 3562; x_wconf 85' lang='lat' dir='ltr'><strong>campanam</strong></span> <span class='ocrx_word' id='word_1_156' title='bbox 1908 3440 2011 3533; x_wconf 87' lang='lat' dir='ltr'><strong>iam</strong></span> <span class='ocrx_word' id='word_1_157' title='bbox 2040 3456 2171 3531; x_wconf 81' lang='lat' dir='ltr'><strong>erexe-</strong></span> 
     </span>
     <span class='ocr_line' id='line_1_25' title="bbox 679 3545 2171 3651; baseline -0.003 -2"><span class='ocrx_word' id='word_1_158' title='bbox 679 3568 793 3649; x_wconf 83' lang='lat' dir='ltr'><strong>rant</strong></span> <span class='ocrx_word' id='word_1_159' title='bbox 823 3553 1090 3650; x_wconf 79' lang='lat' dir='ltr'><strong>adeorum</strong></span> <span class='ocrx_word' id='word_1_160' title='bbox 1122 3582 1217 3647; x_wconf 88' lang='lat' dir='ltr'><strong>con</strong></span> <span class='ocrx_word' id='word_1_161' title='bbox 1240 3553 1377 3647; x_wconf 79' lang='lat' dir='ltr'><strong>ilium</strong></span> <span class='ocrx_word' id='word_1_162' title='bbox 1413 3553 1737 3651; x_wconf 87' lang='lat' dir='ltr'><strong>euocandum.</strong></span> <span class='ocrx_word' id='word_1_163' title='bbox 1798 3556 1960 3651; x_wconf 75' lang='lat' dir='ltr'><strong>Fit-lic</strong></span> <span class='ocrx_word' id='word_1_164' title='bbox 1982 3545 2171 3649; x_wconf 72' lang='lat' dir='ltr'><strong>tuende</strong></span> 
     </span>
     <span class='ocr_line' id='line_1_26' title="bbox 680 3668 2171 3801; baseline -0.005 -34"><span class='ocrx_word' id='word_1_165' title='bbox 680 3670 804 3767; x_wconf 87' lang='lat' dir='ltr'><strong>bant</strong></span> <span class='ocrx_word' id='word_1_166' title='bbox 844 3703 986 3767; x_wconf 91' lang='lat' dir='ltr'><strong>more</strong></span> <span class='ocrx_word' id='word_1_167' title='bbox 1027 3670 1265 3801; x_wconf 85' lang='lat' dir='ltr'><strong>regalium</strong></span> <span class='ocrx_word' id='word_1_168' title='bbox 1306 3668 1767 3796; x_wconf 85' lang='lat' dir='ltr'><strong>line-Imperialium</strong></span> <span class='ocrx_word' id='word_1_169' title='bbox 1805 3674 2091 3785; x_wconf 79' lang='lat' dir='ltr'><strong>ciuitatum,</strong></span> <span class='ocrx_word' id='word_1_170' title='bbox 2122 3674 2171 3759; x_wconf 81' lang='lat' dir='ltr'><strong>vl·</strong></span> 
     </span>
     <span class='ocr_line' id='line_1_27' title="bbox 577 3785 2170 3916; baseline -0.002 -34"><span class='ocrx_word' id='word_1_171' title='bbox 577 3907 581 3913; x_wconf 28' lang='grc'>,</span> <span class='ocrx_word' id='word_1_172' title='bbox 677 3805 804 3916; x_wconf 86' lang='lat' dir='ltr'><strong>pote</strong></span> <span class='ocrx_word' id='word_1_173' title='bbox 832 3786 1233 3914; x_wconf 57' lang='lat' dir='ltr'><strong>Ratisponenua</strong></span> <span class='ocrx_word' id='word_1_174' title='bbox 1274 3816 1378 3913; x_wconf 91' lang='lat' dir='ltr'><strong>non</strong></span> <span class='ocrx_word' id='word_1_175' title='bbox 1407 3788 1511 3913; x_wconf 60' lang='lat' dir='ltr'><strong>rcm&#39;</strong></span> <span class='ocrx_word' id='word_1_176' title='bbox 1535 3788 1778 3884; x_wconf 83' lang='lat' dir='ltr'><strong>mandatis</strong></span> <span class='ocrx_word' id='word_1_177' title='bbox 1807 3794 1942 3915; x_wconf 83' lang='lat' dir='ltr'><strong>episc</strong></span> <span class='ocrx_word' id='word_1_178' title='bbox 2019 3792 2060 3902; x_wconf 85' lang='lat' dir='ltr'><strong>i,</strong></span> <span class='ocrx_word' id='word_1_179' title='bbox 2087 3785 2170 3879; x_wconf 74' lang='lat' dir='ltr'><strong>teu</strong></span> 
     </span>
    </p>

    <p class='ocr_par' dir='ltr' id='par_1_9' title="bbox 546 3898 2171 4469">
     <span class='ocr_line' id='line_1_28' title="bbox 682 3898 2170 4035; baseline -0.003 -36"><span class='ocrx_word' id='word_1_180' title='bbox 682 3920 798 4000; x_wconf 86' lang='lat' dir='ltr'><strong>ante</strong></span> <span class='ocrx_word' id='word_1_181' title='bbox 833 3910 1220 4032; x_wconf 58' lang='lat' dir='ltr'><strong>consueuerann.</strong></span> <span class='ocrx_word' id='word_1_182' title='bbox 1243 3902 1337 3997; x_wconf 87' lang='lat' dir='ltr'><strong>sed·</strong></span> <span class='ocrx_word' id='word_1_183' title='bbox 1352 3907 1563 4032; x_wconf 76' lang='lat' dir='ltr'><strong>propriis</strong></span> <span class='ocrx_word' id='word_1_184' title='bbox 1586 3907 1862 4002; x_wconf 81' lang='lat' dir='ltr'><strong>rectoribus</strong></span> <span class='ocrx_word' id='word_1_185' title='bbox 1882 3925 1939 4003; x_wconf 88' lang='lat' dir='ltr'><strong>et</strong></span> <span class='ocrx_word' id='word_1_186' title='bbox 2024 3898 2170 4035; x_wconf 65' lang='lat' dir='ltr'><strong>agillo·</strong></span> 
     </span>
     <span class='ocr_line' id='line_1_29' title="bbox 677 4020 2168 4153; baseline -0.009 -32"><span class='ocrx_word' id='word_1_187' title='bbox 677 4026 746 4122; x_wconf 75' lang='lat' dir='ltr'><strong>Et</strong></span> <span class='ocrx_word' id='word_1_188' title='bbox 775 4024 919 4149; x_wconf 85' lang='lat' dir='ltr'><strong>super</strong></span> <span class='ocrx_word' id='word_1_189' title='bbox 947 4022 1185 4150; x_wconf 70' lang='lat' dir='ltr'><strong>praedicta</strong></span> <span class='ocrx_word' id='word_1_190' title='bbox 1213 4021 1464 4117; x_wconf 81' lang='lat' dir='ltr'><strong>discordia¹</strong></span> <span class='ocrx_word' id='word_1_191' title='bbox 1485 4020 1868 4150; x_wconf 75' lang='lat' dir='ltr'><strong>lamcpiscoput</strong></span> <span class='ocrx_word' id='word_1_192' title='bbox 1901 4020 2168 4153; x_wconf 79' lang='lat' dir='ltr'><strong>quamcito</strong></span> 
     </span>
     <span class='ocr_line' id='line_1_30' title="bbox 675 4136 2169 4265; baseline -0.008 -27"><span class='ocrx_word' id='word_1_193' title='bbox 675 4140 943 4238; x_wconf 73' lang='lat' dir='ltr'><strong>Albertum</strong></span> <span class='ocrx_word' id='word_1_194' title='bbox 976 4140 1318 4261; x_wconf 80' lang='lat' dir='ltr'><strong>Romanorum</strong></span> <span class='ocrx_word' id='word_1_195' title='bbox 1349 4168 1519 4265; x_wconf 86' lang='lat' dir='ltr'><strong>rogem</strong></span> <span class='ocrx_word' id='word_1_196' title='bbox 1554 4140 1606 4233; x_wconf 85' lang='lat' dir='ltr'><strong>ln</strong></span> <span class='ocrx_word' id='word_1_197' title='bbox 1637 4144 1770 4236; x_wconf 84' lang='lat' dir='ltr'><strong>curia</strong></span> <span class='ocrx_word' id='word_1_198' title='bbox 1800 4172 1959 4265; x_wconf 89' lang='lat' dir='ltr'><strong>quam</strong></span> <span class='ocrx_word' id='word_1_199' title='bbox 1991 4136 2169 4239; x_wconf 71' lang='lat' dir='ltr'><strong>celebre</strong></span> 
     </span>
     <span class='ocr_line' id='line_1_31' title="bbox 546 4250 2171 4469; baseline 0.001 -116"><span class='ocrx_word' id='word_1_200' title='bbox 546 4301 552 4310; x_wconf 58' lang='grc'><strong><em>’</em></strong></span> <span class='ocrx_word' id='word_1_201' title='bbox 679 4260 753 4353; x_wconf 81' lang='lat' dir='ltr'><strong>uit</strong></span> <span class='ocrx_word' id='word_1_202' title='bbox 782 4260 836 4352; x_wconf 93' lang='lat' dir='ltr'><strong>in</strong></span> <span class='ocrx_word' id='word_1_203' title='bbox 865 4250 1165 4383; x_wconf 75' lang='lat' dir='ltr'><strong>Nurnbergk</strong></span> <span class='ocrx_word' id='word_1_204' title='bbox 1195 4255 1628 4373; x_wconf 76' lang='lat' dir='ltr'><strong>accessenunt&#39;soas</strong></span> <span class='ocrx_word' id='word_1_205' title='bbox 1660 4260 2005 4383; x_wconf 84' lang='lat' dir='ltr'><strong>querimonias</strong></span> <span class='ocrx_word' id='word_1_206' title='bbox 2025 4276 2171 4469; x_wconf 45' lang='lat' dir='ltr'><strong>propt:</strong></span> 
     </span>
    </p>

    <p class='ocr_par' dir='ltr' id='par_1_10' title="bbox 677 4373 2171 4623">
     <span class='ocr_line' id='line_1_32' title="bbox 677 4373 2170 4502; baseline -0.001 -31"><span class='ocrx_word' id='word_1_207' title='bbox 677 4392 884 4489; x_wconf 81' lang='lat' dir='ltr'><strong>nentes,</strong></span> <span class='ocrx_word' id='word_1_208' title='bbox 942 4373 1208 4502; x_wconf 85' lang='lat' dir='ltr'><strong>praedictus</strong></span> <span class='ocrx_word' id='word_1_209' title='bbox 1249 4404 1370 4467; x_wconf 83' lang='lat' dir='ltr'><strong>vero</strong></span> <span class='ocrx_word' id='word_1_210' title='bbox 1410 4402 1498 4469; x_wconf 88' lang='lat' dir='ltr'><strong>rex</strong></span> <span class='ocrx_word' id='word_1_211' title='bbox 1539 4404 1643 4469; x_wconf 90' lang='lat' dir='ltr'><strong>non</strong></span> <span class='ocrx_word' id='word_1_212' title='bbox 1673 4408 1764 4500; x_wconf 89' lang='lat' dir='ltr'><strong>per</strong></span> <span class='ocrx_word' id='word_1_213' title='bbox 1792 4375 2016 4473; x_wconf 83' lang='lat' dir='ltr'><strong>sormam</strong></span> <span class='ocrx_word' id='word_1_214' title='bbox 2044 4379 2091 4470; x_wconf 87' lang='lat' dir='ltr'><strong>iu</strong></span> <span class='ocrx_word' id='word_1_215' title='bbox 2132 4392 2170 4483; x_wconf 76' lang='lat' dir='ltr'><strong>el</strong></span> 
     </span>
     <span class='ocr_line' id='line_1_33' title="bbox 678 4491 2171 4623; baseline -0.003 -32"><span class='ocrx_word' id='word_1_216' title='bbox 678 4494 762 4591; x_wconf 89' lang='lat' dir='ltr'><strong>sed</strong></span> <span class='ocrx_word' id='word_1_217' title='bbox 804 4522 897 4617; x_wconf 89' lang='lat' dir='ltr'><strong>per</strong></span> <span class='ocrx_word' id='word_1_218' title='bbox 935 4494 1188 4591; x_wconf 71' lang='lat' dir='ltr'><strong>arbitrium</strong></span> <span class='ocrx_word' id='word_1_219' title='bbox 1230 4491 1435 4586; x_wconf 86' lang='lat' dir='ltr'><strong>cosdem</strong></span> <span class='ocrx_word' id='word_1_220' title='bbox 1474 4494 1607 4586; x_wconf 83' lang='lat' dir='ltr'><strong>ciues</strong></span> <span class='ocrx_word' id='word_1_221' title='bbox 1651 4524 1763 4588; x_wconf 88' lang='lat' dir='ltr'><strong>cum</strong></span> <span class='ocrx_word' id='word_1_222' title='bbox 1798 4496 2059 4623; x_wconf 85' lang='lat' dir='ltr'><strong>episcopo</strong></span> <span class='ocrx_word' id='word_1_223' title='bbox 2088 4511 2171 4586; x_wconf 81' lang='lat' dir='ltr'><strong>con·</strong></span> 
     </span>
    </p>
   </div>
   <div class='ocr_carea' id='block_1_7' title="bbox 678 4602 2172 4821">
    <p class='ocr_par' dir='ltr' id='par_1_11' title="bbox 678 4602 2172 4821">
     <span class='ocr_line' id='line_1_34' title="bbox 678 4602 2172 4821; baseline -0.001 -112"><span class='ocrx_word' id='word_1_224' title='bbox 678 4612 929 4722; x_wconf 79' lang='lat' dir='ltr'><strong>tardauit,</strong></span> <span class='ocrx_word' id='word_1_225' title='bbox 959 4611 1057 4705; x_wconf 92' lang='lat' dir='ltr'><strong>hoc</strong></span> <span class='ocrx_word' id='word_1_226' title='bbox 1094 4607 1248 4705; x_wconf 87' lang='lat' dir='ltr'><strong>modo</strong></span> <span class='ocrx_word' id='word_1_227' title='bbox 1293 4604 1430 4735; x_wconf 87' lang='lat' dir='ltr'><strong>quod</strong></span> <span class='ocrx_word' id='word_1_228' title='bbox 1468 4608 1689 4737; x_wconf 86' lang='lat' dir='ltr'><strong>Sigillum</strong></span> <span class='ocrx_word' id='word_1_229' title='bbox 1727 4626 1781 4706; x_wconf 85' lang='lat' dir='ltr'><strong>et</strong></span> <span class='ocrx_word' id='word_1_230' title='bbox 1801 4602 2172 4821; x_wconf 38' lang='lat' dir='ltr'><strong>campaninos&amp;</strong></span> 
     </span>
    </p>
   </div>
   <div class='ocr_carea' id='block_1_8' title="bbox 673 4727 2134 4941">
    <p class='ocr_par' dir='ltr' id='par_1_12' title="bbox 673 4727 2134 4941">
     <span class='ocr_line' id='line_1_35' title="bbox 673 4727 2110 4941; baseline -0.004 -112"><span class='ocrx_word' id='word_1_231' title='bbox 673 4736 825 4829; x_wconf 75' lang='lat' dir='ltr'><strong>mino</strong></span> <span class='ocrx_word' id='word_1_232' title='bbox 850 4727 1085 4856; x_wconf 87' lang='lat' dir='ltr'><strong>episcopo</strong></span> <span class='ocrx_word' id='word_1_233' title='bbox 1113 4727 1397 4849; x_wconf 85' lang='lat' dir='ltr'><strong>traderent,</strong></span> <span class='ocrx_word' id='word_1_234' title='bbox 1428 4756 1633 4858; x_wconf 80' lang='lat' dir='ltr'><strong>quarum</strong></span> <span class='ocrx_word' id='word_1_235' title='bbox 1663 4759 1760 4827; x_wconf 78' lang='lat' dir='ltr'><strong>vna</strong></span> <span class='ocrx_word' id='word_1_236' title='bbox 1783 4730 1950 4828; x_wconf 82' lang='lat' dir='ltr'><strong>etiam</strong></span> <span class='ocrx_word' id='word_1_237' title='bbox 1968 4762 2028 4827; x_wconf 82' lang='lat' dir='ltr'><strong>m</strong></span> <span class='ocrx_word' id='word_1_238' title='bbox 2048 4761 2110 4941; x_wconf 69' lang='lat' dir='ltr'><strong>efi</strong></span> 
     </span>
     <span class='ocr_line' id='line_1_36' title="bbox 735 4871 2134 4935; baseline -0.004 6"><span class='ocrx_word' id='word_1_239' title='bbox 735 4887 742 4903; x_wconf 93' lang='lat'><strong>·</strong></span> <span class='ocrx_word' id='word_1_240' title='bbox 2111 4871 2134 4935; x_wconf 80' lang='lat' dir='ltr'><strong>a</strong></span> 
     </span>
    </p>
   </div>
   <div class='ocr_carea' id='block_1_9' title="bbox 0 0 2364 6050">
    <p class='ocr_par' dir='ltr' id='par_1_13' title="bbox 0 0 2364 6050">
     <span class='ocr_line' id='line_1_37' title="bbox 0 0 2364 6050; baseline 0 3"><span class='ocrx_word' id='word_1_241' title='bbox 0 0 2364 6050; x_wconf 95' lang='lat' dir='ltr'><strong> </strong></span> 
     </span>
    </p>
   </div>
  </div>
 </body>
</html>
