4717 6050
571 398 1567 523 onnourconcnsurrnnnusn
1656 383 1749 525 ’ξφ

28 628 40 733 ,’
175 725 180 738 .
408 610 539 720 dccc.
561 624 640 745 vij.
671 612 826 717 uano
849 610 1106 832 episcopus
1126 614 1253 713 sedis
1275 577 1727 745 patauienbs'nnnis
1752 629 1805 726 xi

163 757 205 765 ”
279 743 491 872 pallium
518 770 622 835 non
644 741 832 834 curauit
914 750 1015 830 tem
1038 736 1253 833 Karolus
1275 741 1451 862 petiuit
1469 742 1548 835 ubi
1566 759 1803 843 cantores
1890 815 1892 818 -

28 928 29 939 .
76 876 85 889 “
129 966 133 975 ,
281 864 414 956 mitti
439 892 474 955 a
503 858 762 985 Stephano
793 886 856 979 pa
896 854 1109 952 atercio
1171 855 1295 949 Item
1318 855 1578 981 assumptus
1604 860 1667 952 en
1690 892 1803 955 can·

285 992 365 1073 tus
397 978 500 1075 Gre
535 1003 605 1071 or.
643 975 835 1070 Ambro
854 1002 967 1066 rano
999 973 1052 1064 in
1082 970 1432 1066 mediolanensi
1473 989 1663 1069 tantum
1696 977 1802 1073 dio·'

28 1174 29 1221 ,
178 1222 183 1227 .
281 1096 377 1192 cefi
400 1006 709 1195 conferuato'
730 1094 750 1212 (
765 1098 842 1185 Ita
872 1091 1070 1227 Codex.)
1131 1090 1254 1183 ltem
1285 1090 1421 1183 leoni
1447 1090 1559 1186 suos
1589 1094 1800 1191 clericos

28 1314 31 1335 Ι
170 1276 179 1296 .
279 1228 341 1306 ut
384 1229 580 1310 cantum
622 1241 707 1336 gre
743 1212 964 1307 orianum
1008 1204 1252 1304 discerent
1280 1206 1743 1306 testmauitromam

281 1328 408 1426 Item
439 1330 572 1426 idem
601 1328 684 1421 leo
709 1240 926 1422 betasius
957 1322 1177 1417 instituit*
1444 1361 1450 1371 ·
1549 1360 1552 1368 ·

400 1451 551 1543 Anno
585 1444 716 1540 dccc.
731 1444 868 1565 xviij.
903 1440 1201 1535 Rincbarius
1240 1441 1634 1570 archiepiscopus
1663 1460 1831 1569 peto,
1952 1521 1956 1525 Α
2090 1576 2096 1587 ὁ

279 1566 456 1663 uiensrs
498 1562 623 1659 redit
662 1578 716 1657 ut
756 1562 946 1656 electus
989 1560 1129 1653 annis
1159 1588 1207 1651 x.
1267 1558 1355 1651 Iste
1376 1592 1498 1671 cum
1529 1562 1800 1659 contende-

280 1696 360 1819 ret
401 1710 494 1809 pro
535 1680 689 1807 pallio
731 1678 969 1803 Salczpur
1004 1676 1140 1771 enses
1182 1674 1470 1770 substituunt
1511 1677 1596 1772 [ibi
1625 1682 1800 1799 Watu·

279 1827 450 1893 neum.
491 1798 592 1894 Sed
622 1798 722 1923 ipse
752 1826 856 1890 non
889 1826 944 1889 ce
984 1826 1072 1887 ens
1104 1822 1198 1886 nec
1230 1792 1331 1887 sedi
1361 1825 1455 1888 nec
1479 1795 1800 1893 contencioni
1939 1849 1943 1853 ·
2028 1813 2033 1820 ’

252 1928 391 2009 :cum
421 1917 577 2043 pallio
607 1914 810 2011 tandem
840 1912 1163 2049 triumpbauit
1198 1907 1365 2047 Rome
1401 1943 1491 2035 per
1521 1916 1800 2037 paschalem
1869 1984 1878 1989 .

276 2025 1662 2276 ttpttrstbttsstt‘&turbutuderti-⁰1¹3
1675 2032 1799 2243 tt:
1875 2175 1879 2183 .

278 2270 403 2361 toris
475 2269 586 2362 Hoc
628 2281 856 2390 tempore
933 2260 1162 2356 refuit'in
1255 2260 1597 2356 embsmunster
1624 2266 1671 2357 A
1707 2264 1797 2361 bas
1938 2378 1943 2383 p
2004 2256 2008 2262 ’

203 2413 205 2422 “
275 2381 535 2499 fichardus.
596 2385 721 2477 Item
759 2385 784 2476 s
815 2412 978 2476 nous
1022 2379 1298 2473 celebratur
1338 2374 1401 2471 de
1434 2378 1596 2474 officio
1627 2411 1796 2475 mona·
1893 2429 1896 2438 ·

275 2498 483 2595 chorum
537 2500 709 2597 ¹Item
808 2500 1004 2598 enarius
1044 2496 1305 2627 episcopus
1348 2499 1582 2621 waptizat
1621 2528 1797 2598 omnes
1949 2522 1996 2561 ³

273 2642 528 2832 morblbbb.
541 2712 737 2861 xxriviij.
767 2737 1063 2835 Rincharius
1094 2734 1298 2875 obijt‘et
1326 2718 1470 2840 uacat
1493 2724 1638 2832 sedes
1667 2735 1812 2881 plus·-
1939 2779 1951 2806 .

92 2910 96 2918 ·
248 2882 424 2978 3quam
454 2884 639 2949 annum
705 2872 877 2983 ropter
908 2869 1267 2950 contenclones
1297 2884 1390 2979 pro
1420 2852 1590 2977 pallio.
2054 2965 2056 2970 Ι

395 2970 527 3068 dccc.
544 2972 610 3067 xl.
694 2976 933 3073 aerwicus
959 2971 1355 3097 archiepiscopus
1380 2969 1504 3064 sedit
1525 2970 1711 3093 patauii
1742 2984 1795 3068 et
1903 3049 1946 3082 „
2135 2988 2141 3003 ·

180 3177 199 3199 ,,
273 3086 478 3183 lauriaci
508 3094 600 3211 xvj.
635 3095 778 3186 annis
859 3091 952 3228 Iste
980 3105 1162 3227 potens
1197 3119 1350 3213 opere
1382 3101 1434 3182 et
1465 3089 1688 3183 sermone
1717 3089 1793 3182 lu·
1848 3097 1901 3208 J

161 3293 166 3302 .
274 3206 539 3300 uauenfem
557 3197 805 3302 ecclefiom
819 3205 1098 3298 humrlraurt
1118 3219 1168 3297 et
1186 3205 1520 3328 patauiensem
1543 3205 1793 3301 eccleiiam
1942 3300 1945 3307 ,
1971 3206 1975 3216 ’

248 3359 252 3366 ·
277 3338 331 3415 et
351 3323 620 3447 capitulum
638 3323 787 3416 rebus
813 3336 864 3415 et
887 3321 1161 3414 honoribus
1187 3321 1425 3413 exultauit
1443 3320 1528 3413 sub
1549 3320 1790 3416 Lothario
1955 3326 1962 3344 '

270 3438 755 3676 ImpeipiatoreQiips
796 3437 1103 3576 temporibus
1136 3437 1324 3530 electus
1356 3435 1500 3530 estin
1532 3467 1793 3532 romanum

311 3571 400 3648 ont
453 3587 559 3649 cem
644 3588 694 3649 u1

271 3587 377 3766 bum
402 3671 468 3766 est
496 3671 787 3766 libinornen
819 3688 871 3767 et
894 3671 1053 3766 dictus
1086 3671 1150 3765 est
1169 3669 1369 3798 Sergius
1402 3686 1453 3766 et
1482 3670 1681 3765 abhinc
1704 3672 1788 3765 sta·
1905 3760 1914 3770 .

270 3803 433 3884 tutum
480 3786 544 3883 est
584 3803 639 3883 ut
684 3789 778 3884 suis
827 3788 1170 3883 succeiioribus
1211 3790 1421 3882 nomina.
1445 3804 1793 3912 permutentur

270 3905 383 4027 Hoc
424 3921 524 4000 tem
564 3937 651 4000 ore
682 3908 874 4030 sanctus
903 3905 1159 4032 Remigius
1189 3904 1474 4000 transfertur
1507 3906 1569 3997 ab
1601 3905 1787 4000 Hinch·

269 4053 408 4118 maro
441 3939 673 4164 eptiopo
718 4029 800 4154 qui
838 4025 946 4118 eius
988 4021 1252 4148 legendam
1293 4023 1584 4148 compilauit
1641 4023 1785 4136 Item·

270 4172 452 4269 corpus
485 4144 636 4236 sancti
669 4141 877 4238 Martini
899 4143 1185 4236 honoratur.
1458 4173 1461 4178 ·

389 4257 644 4382 dccclxvj.
674 4261 907 4354 Ernricus
939 4289 967 4352 e
1005 4257 1196 4384 iscopus
1225 4255 1350 4352 sedit
1377 4257 1578 4382 putauii.
1608 4259 1673 4351 ix.
1699 4287 1784 4352 an·

271 4375 349 4468 nis
402 4377 497 4470 Hie
527 4375 622 4473 tuit
662 4380 875 4471 nacione
909 4289 1002 4471 Ob)

100 4608 103 4618 Ι
234 4492 390 4585 'clari
420 4493 752 4621 operisfgessit
781 4491 935 4620 pallio
969 4494 1135 4588 caruit.
1195 4493 1287 4587 His
1309 4490 1616 4614 temporibus
1647 4492 1784 4587 Huni

269 4605 552 4704 christianos
603 4613 845 4736 persecuti
894 4612 1003 4708 sunt
1118 4611 1244 4708 Item
1301 4609 1493 4708 sanctus
1546 4611 1781 4708 Otmarus

208 4838 212 4844 ¹
267 4725 565 4823 transfertur.

1490 4849 1496 4856 ’
1573 4835 1733 5022 pecc.-

731 3587 811 3649 em
841 3586 926 3680 qu1
957 3551 1213 3647 dicebatur
1243 3555 1472 3677 osporci
1502 3551 1603 3648 Sed
1634 3571 1788 3650 muta·
1855 3607 1859 3620 ·
1923 3567 1931 3584 '

996 4376 1234 4500 rogothus
1266 4367 1316 4470 et
1347 4372 1587 4468 delicatus
1629 4376 1785 4484 nichil
1958 4405 1963 4410 ’
2098 4463 2104 4470 .
