4717 6050
632 481 726 543 ιιι
959 461 1082 543 n
1131 456 1639 563 nxrronxnrvn
1791 458 1798 477 ⁴

600 670 840 792 fabarum.
867 666 1193 763 imetretarn.
1224 682 1445 795 quarum.
1467 665 1550 765 xii.
1571 664 1761 765 faciunt
1779 668 2020 766 Modimn.
2049 676 2120 769 et.
2231 686 2237 705 '

598 792 649 891 ii.
671 818 818 886 vrnas
876 785 1126 884 erchreht.
1978 806 1983 815 '

722 906 782 1001 In
872 901 1209 1000 idenltovden.
1239 902 1337 1019 viii.
1359 898 1519 998 manli.
1551 917 1615 999 et.
1634 902 1684 997 ii.
1707 900 1904 999 Iudicia.
1924 936 1988 1019 ex
2004 904 2119 1005 hiis.

419 1029 424 1037 ’
602 1027 689 1126 vii.
724 1024 934 1119 loluunt.
969 1018 1066 1117 xiii.
1094 1016 1302 1145 Modioe
1336 1019 1403 1116 fili
1438 1020 1545 1115 inis.
1576 1036 1639 1117 et
1663 1023 1726 1115 vi.
1746 1022 1927 1149 porcos
1951 1023 2116 1117 valen·

603 1158 699 1241 tes.
719 1172 798 1236 xx.
812 1137 1057 1235 denarios.
1088 1139 1337 1234 Octauum
1358 1050 1516 1237 soluit.
1538 1168 1655 1235 xxx.
1665 1136 1906 1237 denarios.
1935 1138 2136 1235 Percln.

521 1268 525 1273 ’
603 1261 732 1360 teht
758 1258 846 1353 iiii.
874 1288 1037 1359 vinae.
1286 1271 1289 1277 '
1696 1306 1745 1323 ·‘
1858 1278 1881 1335 ἱ

726 1378 785 1471 Ιιι
812 1372 1029 1487 Vrldwe.
1062 1375 1130 1469 iii.
1151 1372 1312 1469 manli.
1347 1375 1478 1471 etii.
1502 1372 1669 1471 Iudex.
1701 1374 1923 1502 quilibet.
1951 1376 1983 1471 i.
2005 1376 2119 1473 Mo·

491 1576 496 1587 .
609 1494 746 1593 dium
766 1494 931 1590 tritici.
953 1508 1017 1590 et
1038 1492 1313 1607 iModium
1326 1490 1536 1621 lrliginis.
1567 1505 1619 1587 et
1638 1523 1844 1619 porcum
1898 1496 1948 1589 ui
1968 1494 2117 1598 valet.

609 1613 759 1710 xxiiii.
795 1608 1040 1733 deperion.
1101 1610 1176 1704 lbi
1198 1612 1306 1705 lunt
1327 1613 1491 1719 etiam.
1511 1612 1623 1705 iiim·
1639 1640 1768 1706 aree.
1802 1524 2015 1737 quilibet.
2037 1614 2122 1709 xii.

609 1731 856 1829 denarios.
896 1727 1186 1835 Perchreht.
1206 1730 1259 1822 ii..
1278 1758 1424 1823 vrnas
1450 1742 1501 1821 et
1520 1726 1788 1824 dimidiaml
1848 1794 1853 1803 ·
1944 1772 1951 1779 ·

667 1882 677 1913 ι
788 1848 874 1942 Hii
897 1847 1006 1942 sunt
1027 1842 1251 1941 redditus
1272 1845 1514 1942 inofficio
1531 1844 1837 1972 Voitlperclt.
1943 1868 1947 1876 ’

728 1965 871 2061 Vltra
906 1963 1172 2069 Geutwitz.
1206 1964 1310 2057 xlv.
1340 1961 1504 2058 manli.
1534 1961 1702 2059 ludex.
1723 1964 1788 2057 iii.
1820 1976 1872 2059 et
1893 1960 2122 2063 Decime·

216 2112 220 2121 ·
276 2062 282 2089 ’
340 2123 348 2132 ’
496 2077 498 2080 ’
598 2099 762 2180 tores.
792 2084 858 2178 iii.
880 2082 1087 2180 maalon
1118 2078 1327 2293 ‹puilibet
1347 2080 1494 2179 soluit
1516 2078 1769 2177 dimidium
1790 2078 2019 2177 Medium
2039 2085 2123 2195 tri·

611 2205 717 2299 tici.
745 2216 795 2297 et
827 2228 1034 2327 porcum
1067 2208 1129 2293 νει
1152 2214 1332 2293 entem.
1368 2230 1484 2292 xxx.
1521 2213 1587 2295 et.
1619 2200 1683 2295 iii.
1716 2196 1920 2295 Medios
1951 2228 2120 2296 nuene.

599 2317 695 2416 'led
718 2348 878 2415 auena
895 2318 1115 2449 pertinet
1133 2313 1198 2412 ad
1219 2314 1476 2414 decimam.
1495 2366 1534 2394 ι·
1570 2330 1622 2412 et
1642 2346 1791 2413 vnum
1805 2316 2031 2445 zinlgorz
2053 2318 2124 2415 fn·
2271 2304 2291 2461 ’0

540 2541 552 2551 ,,
610 2439 800 2537 berum.

595 2668 824 2799 quilibet
854 2666 1108 2764 dimidium
1142 2668 1362 2765 modium
1392 2670 1559 2795 tritici.
1589 2685 1657 2767 et..
1683 2671 1714 2766 i.
1739 2670 1957 2795 modium
1984 2670 2123 2799 [iligi-

610 2792 712 2885 nis.
732 2803 782 2884 et
805 2786 1383 2913 porcum‘valentemssxl.
1405 2786 1650 2884 denarios.
1674 2802 1725 2885 et
1751 2787 2003 2884 dimidiam
2026 2820 2125 2885 me·

614 2920 793 3046 tfetam
829 2904 961 3001 fabe.
1000 2919 1063 3002 et
1093 2906 1126 3014 i.
1155 2902 1375 3001 modium
1400 2936 1574 3003 auene.
1607 2908 1692 3035 qui
1714 2907 1932 3034 pertinet
1956 2906 2020 3003 nd
2042 2902 2126 3004 de·

616 3055 811 3122 ennam.

577 3157 585 3166 ‘
734 3143 792 3236 ln
811 3139 902 3238 der
924 3135 1147 3238 Graden.
1164 3141 1265 3238 viii
1288 3140 1450 3237 manli.
1482 3155 1545 3237 et.
1568 3143 1615 3236 ii.
1638 3143 1890 3268 pertinent
1912 3139 1976 3238 ad
1996 3139 2124 3238 deci·
2178 3163 2181 3168 ’

614 3284 760 3356 mam.
777 3274 853 3355 et.
876 3261 907 3353 i.
928 3251 1214 3357 Stifth-vebe'
1241 3287 1451 3387 qnorum
1475 3249 1682 3387 quilibet
1707 3261 1850 3355 soluit
1871 3258 2125 3357 dimidium
2258 3363 2265 3400 ¹

513 3416 518 3420 ·
612 3375 831 3474 modium
848 3378 1009 3474 tritici.
1042 3392 1108 3474 et.
1130 3380 1160 3473 i.
1187 3377 1406 3472 modium
1426 3377 1635 3502 filiginis.
1661 3393 1721 3472 et
1732 3407 1937 3504 porcum
1960 3378 2132 3474 valen.

613 3511 729 3590 tem.
761 3526 807 3589 x.
830 3493 1074 3591 denarios
1100 3511 1150 3590 et
1171 3494 1429 3590 dimidium
1451 3494 1585 3591 Gnrz
1615 3494 1851 3592 fabarum.
1879 3510 1943 3591 et.
1967 3497 1997 3591 i.
2022 3527 2126 3594 mo·

614 3611 753 3710 dium
773 3644 932 3708 auene
963 3616 1049 3738 qui
1066 3614 1285 3738 pertinet
1305 3612 1371 3707 ad
1390 3605 1647 3740 decimam.
1693 3733 1694 3736 Ν
1736 3654 1742 3730 j
1781 3731 1783 3736 Ι
1809 3730 1811 3734 ¹

666 3845 677 3863 ,
732 3732 789 3856 Ιιι
812 3727 900 3826 der
926 3731 1148 3858 Cheynn.
1171 3733 1269 3824 xiii.
1302 3730 1461 3838 mand.
1494 3746 1559 3825 et.
1586 3733 1635 3825 ii.
1658 3727 1938 3862 Styfth-dbe.
1971 3745 2034 3855 et.
2057 3732 2123 3828 iii

612 3853 866 3976 pertinent
898 3847 963 3943 nd
989 3846 1216 3943 decimas.
1249 3847 1457 3974 quilibet
1469 3848 1722 3944 dimidium
1734 3849 1954 3945 modium
1966 3851 2125 3945 tritici.

729 2552 990 2653 Zwilehen
1003 2550 1240 2681 Gol'nytz.
1251 2552 1369 2649 xvii.
1380 2550 1526 2647 manfr
1537 2500 2124 2683 ‘Styllariuslrabetvnnm
2221 2546 2223 2551 ’
2322 2640 2324 2665 ,

487 3969 503 4058 ξ
616 3981 680 4062 et.
714 3968 744 4064 i.
776 3963 1008 4061 Medium
1042 3961 1270 4092 Siliginis.
1297 3981 1348 4060 et
1408 3996 1577 4060 orcum
1597 3965 1860 4063 valentem.
1885 3967 1950 4062 xl.
1977 3965 2126 4064 dena·
2290 4035 2292 4038 ψ

614 4086 730 4182 rios.
773 4098 824 4178 et
858 4081 1114 4178 dimidium
1149 4081 1286 4178 Gorz
1316 4083 1366 4178 fa
1430 4111 1553 4184 rum.
1582 4098 1647 4180 et.
1678 4086 1710 4180 i.
1737 4083 1942 4182 Modius
1967 4115 2126 4183 auene

576 4198 915 4328 ‘pertinetad
941 4199 1199 4294 decimam.
1330 4267 1338 4284 .
2020 4267 2025 4276 .

733 4321 792 4414 In
826 4315 914 4412 der
944 4315 1169 4446 Sedinge.
1200 4320 1295 4414 xvi.
1318 4316 1476 4417 manli.
1509 4318 1719 4461 quilibet
1748 4318 2001 4416 dimidium
2014 4322 2129 4419 Mo·

616 4437 751 4532 dium
781 4435 988 4562 siliginis.
1023 4449 1073 4560 et
1108 4433 1362 4532 dimidium
1396 4437 1626 4534 Modrum
1650 4440 1811 4534 tritici.
1845 4456 1896 4536 et
1958 4471 2133 4537 orcum

471 4593 474 4596 ⁴
581 4623 584 4631 -
615 4557 876 4650 valentem.
899 4551 964 4646 xl.
985 4551 1230 4650 denarios.
1263 4569 1325 4648 et.
1350 4556 1378 4649 i.
1401 4551 1631 4651 Medium
1654 4587 1824 4651 auene.
1857 4559 1902 4653 A
1955 4587 2131 4684 grann-

490 4743 493 4746 .
550 4697 553 4704 ·
613 4676 754 4768 rium.
780 4686 831 4767 et
843 4669 1099 4780 dimidium
1112 4668 1500 4798 Gorzfabarum.
1539 4671 1972 4780 Vorllnriuslrabet
1988 4705 2132 4802 quar·

588 4805 722 4900 ‚tam
734 4805 926 4920 partem
946 4788 1094 4899 vniul
1111 4790 1275 4890 manli.
2012 4891 2078 5005 Ι,

2036 4941 2074 5009 ιι
