4717 6050
631 411 752 487 ψ·
1025 370 1103 463 iv.
1152 342 1763 463 carsourcou*

421 668 424 675 .
545 682 556 693 ,
702 589 897 701 Eodem
928 617 1059 683 anuo
1093 586 1214 682 obit
1242 584 1492 680 Dominus
1513 587 1643 680 Otto
1676 582 1739 678 de
1760 582 2095 682 liechtenstain

582 713 637 805 in
675 700 843 837 vigilia
883 706 1116 919 lanpenbcij
1138 620 1377 915 Ρἐςριιὴιιιε
1404 705 1470 855 'in
1499 703 1789 799 monasterio
1820 704 2094 801 Zwetlensr.

1015 860 1043 917 u
1071 858 1106 917 r.
1215 851 1338 914 .ccc.
1373 852 1435 914 x.
1581 848 1586 859 ’

615 946 620 965 ’
668 941 962 1037 'Hainrieus
1008 940 1071 1033 de
1114 938 1336 1033 Meissaw
1383 938 1515 1032 circa
1558 938 1865 1032 natiuitatem
1908 936 2096 1031 domini

471 1118 477 1145 .
584 1058 718 1180 obiit.
809 1060 932 1151 Item
974 1054 1222 1161 liudolfus
1266 1053 1367 1149 dux
1411 1058 1543 1179 cepit
1572 1054 1807 1179 ampliare
1847 1052 2100 1180 ecclesranr

573 1177 735 1298 sancti
765 1174 1001 1298 Stephani
1030 1175 1081 1267 in
1109 1174 1335 1267 Wienna.
1426 1174 1549 1265 Item
1580 1174 1708 1266 circa
1738 1170 1905 1264 sellum
1938 1172 2133 1264 ascens

550 1292 728 1386 'sronis
772 1291 1009 1385 conuenit
1040 1287 1102 1384 ad
1134 1288 1438 1416 colloquium
1469 1290 1683 1412 Karolus
1713 1288 1824 1382 Rex
1854 1286 2097 1382 Bohemie

582 1405 858 1547 sepedictus
891 1408 1176 1532 Imperator.
1211 1423 1261 1501 et
1290 1436 1443 1532 gener
1473 1408 1581 1499 suus
1612 1403 1860 1499 Rudolfus
1893 1402 1992 1498 dux
2015 1435 2097 1496 au·

582 1524 702 1620 llrre.
744 1538 797 1619 et
836 1518 948 1617 Rex
989 1524 1203 1650 Vngarie
1247 1526 1375 1617 circa
1405 1520 1590 1618 Seueld
1619 1538 1672 1616 et
1702 1525 1944 1649 Znoyma.
1985 1550 2097 1615 cum

409 1694 414 1702 ·
507 1658 510 1674 '
582 1671 762 1766 magno
797 1638 1046 1735 Comitatu
1078 1642 1271 1735 milicie.
1301 1641 1485 1734 rursum
1515 1654 1817 1735 renouantes
1847 1668 2018 1765 pacem
2043 1652 2100 1732 et

580 1757 897 1876 concordiam
930 1760 1219 1851 animorum.
1881 1812 1884 1816 -

698 1874 822 1967 Item
865 1873 1113 1969 Rudolfus
1156 1872 1257 1967 dux
1302 1872 1469 1969 austrie
1519 1875 1648 1967 circa
1718 1868 1869 1966 uadra
1906 1868 2099 1967 eimam

580 1990 787 2129 suscepit
817 1988 1353 2085 ducatumKarinthie.
1395 2007 1448 2086 et
1476 1902 1849 2086 Elzacielecun
1886 2018 1967 2080 um
1991 2018 2098 2082 mo·
2151 2114 2157 2121 ·

581 2136 685 2202 rem
717 2108 1002 2201 incolarum.
1140 2199 1145 2207 ,
1299 2146 1305 2152 ·
1372 2169 1375 2180 -

697 2223 892 2327 Eodem
924 2254 1056 2321 anno
1092 2222 1341 2322 Rudolsus
1371 2222 1494 2322 mist
1521 2228 1571 2319 in
1604 2223 1857 2318 subsidium
1889 2220 2095 2318 domino

577 2341 867 2467 Apostolico
909 2342 1129 2437 nobilem
1172 2342 1409 2438 baronem
1448 2340 1789 2436 Eberhardum
1830 2337 1893 2432 de
1928 2337 2097 2432 dachs-

580 2486 704 2585 perg
747 2488 857 2552 cum
899 2458 1109 2555 Centum
1184 2458 1358 2554 aleatis
1413 2462 1497 2584 qui
1546 2457 1707 2553 sedem
1762 2455 2099 2582 Apostolicam

526 2672 532 2685 ,
577 2590 752 2671 contra
784 2574 1029 2670 Comitem
1060 2491 1500 2677 Mediolanensem.
1542 2577 1627 2701 qui
1660 2573 1784 2671 dixit
1823 2574 1871 2667 se
1902 2574 2095 2699 antipa·

441 2802 450 2813 ,
577 2722 693 2819 pam
725 2691 855 2785 velle
887 2722 1055 2787 creare
1086 2694 1296 2791 viriliter
1326 2690 1670 2815 defenderunt.

697 2808 892 2901 Eodem
912 2839 1046 2903 anno
1077 2810 1231 2903 multe
1258 2808 1371 2903 filue
1395 2811 1600 2932 proprio
1625 2809 1740 2933 igne
1772 2805 1972 2900 accense
2002 2834 2096 2931 per

566 2924 732 3040 ¹multa
762 2924 966 3023 miliaria
999 2926 1157 3021 exuste
1191 2927 1308 3019 sunt.
1373 2926 1496 3019 Item
1529 2924 1650 3046 obijt
1679 2922 1909 3017 dominus
1937 2921 2091 3017 Nico·
2283 3005 2284 3015 .

576 3042 684 3134 laus
717 3039 779 3134 de
812 3041 1035 3168 Cheyaw
1065 3044 1159 3136 fine
1192 3040 1472 3140 heredibus.
1504 3042 1720 3169 sepultus
1749 3043 1803 3135 in
1831 3040 1960 3137 valle
1992 3040 2090 3143 dei.
2277 3056 2284 3090 '¹

575 3160 705 3253 circa
736 3157 906 3252 festum
935 3161 1180 3255 trinitatis.
1736 3224 1741 3229 -
2107 3194 2112 3199 ·

694 3275 887 3376 Eodem
928 3307 1060 3372 anno
1105 3276 1305 3372 ariditas
1335 3290 1466 3371 terre
1507 3276 1671 3372 nimia.
1714 3287 1922 3374 metreta
1951 3272 2092 3402 srligi.

574 3395 667 3490 nia.
693 3424 805 3605 pro.
836 3391 915 3487 xl*
953 3424 1111 3488 auena
1133 3426 1225 3520 pro
1249 3398 1355 3487 xxi·¹
1422 3453 1429 3461 -
1660 3493 1665 3500 ,
1743 3463 1747 3466 -

713 3525 813 3603 tem
840 3508 1111 3605 Rudolsus
1156 3510 1258 3605 dux
1297 3508 1467 3604 aullrie
1508 3510 1699 3604 invasus
1742 3541 1771 3603 a
1848 3508 2093 3608 atriarcha

577 3625 889 3752 aquilegiensi
922 3629 1057 3721 iuxta
1088 3644 1286 3753 portum
1316 3627 1507 3720 Naonis
1549 3625 1632 3720 sed
1663 3625 1812 3720 idem·
1881 3656 1947 3720 ux
1987 3625 2093 3720 col·

574 3743 710 3841 lecto
742 3745 961 3837 exercitu
992 3743 1057 3838 de
1078 3743 1247 3840 austria
1277 3747 1492 3838 occurrit
1515 3745 1562 3837 ei
1593 3758 1765 3839 contra
1788 3741 1990 3871 gradum
2018 3744 2091 3842 vi·

572 3861 732 3955 riliter
761 3861 808 3954 se
841 3858 1116 3955 defendens
1145 3877 1199 3954 et
1229 3859 1442 3954 eundem
1472 3860 1797 3984 patriarcham
1827 3857 1891 3953 ad
1913 3859 2090 3953 inllarr·

303 4086 308 4094 ¹
341 4089 342 4092 Ν
576 3979 698 4070 ciam
730 3977 920 4071 Cesaris
959 4008 1071 4072 cum
1102 3977 1195 4072 suis
1236 3979 1285 4071 in
1375 3980 1528 4072 aciam
1559 3978 1688 4074 suam
1720 3979 1977 4102 recipiens.
2021 3977 2091 4072 Et

245 4209 248 4216 Ι
467 4127 470 4133 ’
577 4109 630 4188 ut
660 4092 850 4193 dicitur.
883 4094 1092 4188 eundem
1116 4095 1335 4189 Patriarc
1373 4126 1449 4188 am
1473 4092 1587 4191 duci
1607 4091 1833 4190 Rudolso
1864 4093 1928 4189 de
1951 4093 2090 4192 omui

273 4239 277 4247 ’
574 4213 788 4338 expensa
819 4209 1171 4306 satisfacturum
1202 4213 1253 4304 in
1286 4210 1350 4304 du
1388 4211 1454 4304 lo.
1677 4237 1681 4245 ·

691 4330 886 4423 Interea
917 4330 1144 4423 Marchio
1172 4326 1298 4448 obiit
1363 4327 1700 4422 ebranburch
1742 4326 1843 4421 dux
1883 4325 2086 4425 babaria

572 4444 704 4540 circa
743 4445 908 4542 festum
951 4446 1109 4550 sancti
1140 4446 1191 4539 D
1229 4445 1379 4540 onisri.
1477 4444 1614 4564 Obijt
1654 4449 1806 4538 eciam
1847 4444 2099 4540 Purchar0‘

573 4560 665 4656 dus
698 4558 759 4658 de
783 4561 1070 4656 maidburclr
1100 4565 1148 4656 in
1225 4561 1390 4656 ardek.
1419 4562 1549 4654 eirca
1579 4559 1747 4656 felium
1777 4561 1929 4657 sancti
1950 4560 2082 4658 Mar·

571 4679 678 4777 tini.
769 4679 910 4794 Obijt
941 4681 1094 4772 eciam
1126 4681 1245 4774 Dux
1277 4676 1338 4772 de
1372 4677 1593 4802 Meylan.
1720 4742 1752 4752 -ι
2007 4676 2014 4684 “

503 4815 504 4818 ‘
582 4837 587 4844 ·
959 4800 1097 4891 Ruur.
1140 4796 1451 4890 M⁰.ccc⁰.lx‘.

686 4911 976 5016 Patriarcha
1019 4915 1286 5012 Wiennam
1315 4908 1427 5011 cum
1444 4909 1583 5053 'duce
1613 4907 1839 5011 liudolfo
1873 4915 2081 5010 veniens
2145 4977 2149 4984 -

1942 5061 2021 5126 ea·
2099 5085 2102 5088 ⁴
