4717 6050
566 410 1607 555 ,cuuourcou'canmrraunusn1
1682 506 1754 576 413
1891 542 1940 567 ,.

297 691 471 777 contra
509 676 702 773 totilam
744 673 903 770 missus
943 702 1111 801 regern
1148 706 1320 769 eorum
1353 676 1473 794 vicit
1515 694 1565 773 et
1598 680 1827 809 dispersu¹

294 796 494 893 eosdem
526 794 706 923 gothos
743 792 926 901 auxilio
948 791 1385 917 longowardorum
1425 797 1510 919 qui
1553 798 1652 891 iam
1695 801 1851 897 srcut

297 928 350 1008 et
382 913 520 1039 gothi
567 911 629 1005 ab
674 911 857 1005 exteris
902 906 1020 1001 inde
1068 908 1234 1003 insulis
1263 911 1522 1007 venientes
1556 915 1727 1009 Eciam
1758 923 1809 1012 in

296 1030 560 1127 Pannonia
582 1026 894 1122 habitabant
973 1026 1070 1119 llic
1111 1024 1177 1118 est
1216 1025 1394 1123 Narseo
1419 1030 1523 1165 qui
1567 1028 1811 1129 fallaciter

179 1219 183 1227 .
295 1147 543 1241 accusatus
576 1174 684 1237 cum
719 1174 749 1235 a
770 1140 839 1237 So
876 1142 958 1234 hia
980 1142 1296 1269 Imperatn'ce
1327 1159 1537 1281 turprter
1578 1161 1809 1245 tractare·
1974 1216 1978 1222 ⁴

293 1276 372 1356 tur
396 1258 579 1355 deinde
615 1258 813 1353 eosdem
839 1173 1194 1394 Forrgowardos
1225 1260 1283 1351 In
1300 1260 1509 1380 ytaliam
1536 1262 1811 1364 introduxit
1842 1282 1849 1296 ‘

290 1378 484 1497 Quibus
505 1376 692 1471 bawari
715 1374 925 1470 federati
938 1374 1147 1502 ytalram
1169 1392 1420 1470 etromam
1441 1376 1608 1501 postea
1626 1381 1809 1523 irrupe·
1951 1450 1959 1465 .

290 1509 407 1593 runt
441 1495 600 1618 Vsque
623 1522 722 1618 quo
746 1493 957 1586 Karulus
982 1492 1213 1585 martello
1235 1507 1286 1585 et
1302 1496 1538 1620 pippinus
1561 1495 1688 1593 filius
1703 1529 1809 1598 eruo
1901 1607 1903 1611 ,
2186 1611 2191 1619 ,

330 1610 472 1703 uibus
513 1641 645 1736 papa
682 1608 823 1703 dedit
863 1637 1067 1740 regnum
1109 1606 1391 1703 francorum
1432 1612 1563 1823 ipsos
1610 1618 1809 1737 penitus
1973 1623 1998 1676 ·‘
2082 1615 2091 1627 ⁴
2155 1638 2159 1652 ·

289 1642 596 1852 ibbogerunt.
655 1726 927 1849 Propterea
940 1724 1167 1819 Karolus
1189 1726 1444 1850 magnusfi
1470 1730 1542 1821 ‘us
1564 1728 1684 1826 dicti
1704 1738 1809 1860 pip·
1852 1805 1856 1817 ,

289 1844 397 1969 pini
417 1874 520 1937 non
542 1842 698 1937 solum
721 1845 774 1937 in
795 1873 951 1969 regno
973 1840 1258 1935 francorum
1281 1873 1453 1938 verum
1484 1847 1639 1939 eciam
1673 1880 1701 1941 a
1723 1884 1807 1975 pa·
1907 1857 1909 1860 ’

326 1991 356 2052 a
374 1961 544 2054 Ec'iam
563 1958 903 2055 Romanorum
921 1960 993 2051 lm
1033 1962 1137 2051 orio
1153 1956 1494 2071 confirmatus,
1522 1962 1635 2055 Poll
1656 1961 1809 2061 Thas-

287 1989 452 2175 dionis
484 2074 623 2171 ducis
657 2078 872 2171 bawarie
908 2096 964 2168 c'e
1001 2104 1169 2168 ionem
1214 2088 1406 2197 partem
1438 2076 1700 2173 Pannonio
1745 2086 1807 2182 ab

288 2194 438 2287 anaso
460 2194 517 2285 vs
546 2224 608 2287 ue
633 2190 694 2285 ad
716 2194 899 2287 flumen
932 2188 1109 2284 Raben
1150 2220 1261 2283 cum
1299 2190 1484 2285 eisdem
1516 2192 1804 2321 astrogotbis

289 2311 374 2433 qui
402 2307 504 2401 illic
564 2308 818 2413 abitabant
839 2308 974 2401 lubiu
1009 2309 1115 2410 avit
1142 2320 1194 2399 et
1225 2338 1333 2402 eam
1367 2306 1558 2403 addidit
1588 2308 1805 2413 bawarie

285 2424 481 2549 regioni
506 2426 819 2517 committens
841 2456 924 2519 eas
1015 2420 1220 2518 erboldo
1252 2424 1806 2549 comitigubcrnandas
1857 2450 1863 2453 ’

183 2548 185 2557 ’
285 2570 388 2665 quo
410 2538 574 2677 postea
605 2544 657 2633 in
688 2540 825 2635 bello
853 2570 1151 2667 ungarorum
1185 2555 1448 2670 perempto
1480 2556 1532 2635 et
1564 2564 1804 2668 regnante

43 2688 48 2695 ·
194 2707 196 2718 ·
284 2656 504 2753 ludwico
529 2655 631 2749 filio
664 2655 750 2750 suo
776 2673 828 2752 et
848 2658 1110 2751 constituto
1143 2658 1195 2749 in
1220 2656 1434 2750 bawaria
1464 2687 1583 2781 rege
1613 2680 1803 2788 nepotc

284 2774 373 2867 suo
394 2769 709 2865 Wernbardo
742 2774 800 2866 In
833 2770 1008 2866 eadem
1040 2784 1184 2895 parte
1213 2771 1473 2884 Pannonio
1539 2807 1665 2871 uam
1685 2795 1805 2877 tunc

282 2886 518 2981 deficerat
538 2889 804 3012 (devicerat)
837 2888 1051 2983 Karolus
1074 2888 1184 2981 sunt
1204 2886 1418 3009 presides
1451 2805 1687 2989 roborati
1717 2900 1804 3021 qui

217 3085 220 3092 ⁴
283 3004 487 3100 subiecti
508 3018 648 3100 eraut
668 3007 881 3132 principi
902 3005 1117 3102 bawarie
1141 3002 1378 3128 usquead
1411 3019 1639 3134 tempora
1673 3027 1803 3110 otto.

284 3125 363 3216 nis
424 3123 502 3213 Ex
522 3137 642 3214 tunc
663 3124 795 3214 enim
820 3135 1058 3245 ceperunt
1079 3122 1289 3254 inquieti
1311 3125 1484 3244 vngari
1513 3156 1545 3218 o
1582 3129 1726 3249 primi
1751 3147 1802 3230 at

279 3235 493 3361 presides
517 3235 659 3329 Ostro
725 3237 925 3330 thorum
947 3238 1296 3372 inprincrpem
1315 3237 1523 3332 suscitari
1545 3157 1646 3337 bed
1670 3275 1700 3336 a
1730 3247 1811 3342 di·-

159 3396 163 3404 ·
281 3356 428 3447 cione
462 3349 641 3445 ducum
711 3354 890 3448 awarie
924 3349 1112 3444 mehrlo
1149 3379 1311 3444 mmus
1377 3367 1577 3450 oterant
1603 3357 1801 3463 liberari

277 3469 540 3565 invenitur
561 3499 741 3593 nempe
763 3469 817 3565 in
838 3467 1046 3588 historiis
1063 3465 1198 3591 quod
1221 3465 1322 3560 dux
1391 3468 1569 3580 abarie
1589 3503 1694 3568 non
1727 3479 1799 3573 so·
1939 3587 1944 3595 Ι
2033 3555 2036 3562 ,

284 3587 386 3682 lum
414 3584 740 3711 Ostrogothos
764 3599 855 3678 etc.
877 3582 962 3680 sed
985 3586 1141 3677 eciam
1170 3581 1330 3708 ystrie.
1361 3585 1395 3679 S
1483 3589 1527 3680 ‘e
1560 3589 1798 3692 Chambie

279 3700 502 3799 subditos
526 3699 798 3826 possrdebat
820 3699 884 3795 ad
905 3701 1042 3796 cuius
1064 3715 1237 3794 nutum
1257 3703 1402 3797 venie
1440 3719 1526 3800 ant
1546 3713 1711 3804 vocati
1731 3713 1799 3806 Et

246 3833 336 3916 ‘ut
357 3819 609 3914 dominum
641 3818 956 3914 honorabant
977 3819 1128 3942 Igitur
1148 3817 1242 3910 hec
1275 3822 1534 3940 prouincia
1568 3825 1632 3918 ab
1661 3829 1796 3922 inco·

264 3936 345 4032 ‚us
366 3935 652 4060 Ostrogocia
685 3935 750 4030 est
783 3952 962 4030 vocata
994 3932 1133 4030 idest
1161 3933 1301 4028 Oller
1333 3967 1413 4034 aw
1437 3939 1521 4032 vel
1540 3944 1794 4044 orientalis

315 4053 417 4151 uod
441 4054 602 4147 versus
628 4054 869 4148 orientem
893 4051 975 4146 lita
998 4051 1204 4184 ellnunc
1263 3963 1681 4180 ulgcroydeomate
1696 4064 1804 4156 Au·-
1969 4163 1975 4173 x

342 4174 389 4264 ia
413 4170 692 4294 appellatur
715 4166 768 4262 id
793 4168 857 4264 eil
896 4168 1153 4263 osterreich
1264 4201 1407 4266 arum
1435 4186 1599 4268 autem
1628 4179 1804 4295 nacio·
1837 4247 1842 4256 .

109 4356 117 4367 -
280 4315 402 4384 uum
424 4288 670 4411 vestigium
693 4285 819 4380 aduc
838 4286 1065 4380 remansit
1086 4288 1138 4387 in
1151 4303 1322 4384 monte
1344 4289 1429 4414 qui
1446 4291 1699 4414 gothwich
1721 4296 1799 4390 di·
1885 4367 1891 4378 .

277 4405 407 4504 ¹citur
443 4404 529 4501 vbi
563 4408 671 4504 eius
699 4405 914 4499 nominis
948 4404 1289 4498 monasterium
1320 4406 1418 4498 iam
1461 4405 1527 4500 eu
1556 4409 1691 4506 situm
1722 4412 1793 4507 di·
1894 4523 1900 4530 ,

281 4521 406 4616 citur
428 4522 590 4613 autem
621 4519 856 4615 Gotwich
890 4517 1094 4615 duarum
1130 4519 1403 4616 dictionum
1468 4553 1538 4616 er·
1560 4531 1792 4654 compost·-

280 4637 474 4733 cioncm
498 4635 679 4734 seilicet
700 4638 970 4763 gothorum·
987 4637 1075 4775 (et)
1097 4639 1229 4732 wicb
1250 4637 1386 4734 idest
1441 4655 1531 4734 'eus
1552 4643 1633 4738 sua
1654 4677 1799 4743 nam·-

278 4781 376 4886 que
397 4753 566 4879 lingua
588 4755 804 4880 inuram
822 4755 909 4852 ‘vel
972 4753 1156 4968 sappum
1176 4758 1358 4854 montis
1382 4757 1512 4866 wich
1537 4758 1792 4860 dicebatur

1083 4901 1117 4968 2«
1629 4907 1730 5005 ‚pto
1801 4925 1805 4930 ·
