4717 6050
715 394 1306 549 ‘rorusevsn
1450 422 1455 441 '
1686 397 1841 582 yss=

145 734 146 739 κ
202 708 205 711 ·
301 664 475 760 richen
515 680 605 789 per
635 663 909 759 monachos
948 663 1203 763 inofficiari
1245 662 1542 792 procurabit
1583 666 1691 760 rice
1725 666 1818 761 Ec-

301 786 452 877 clesie
486 786 536 875 in
567 780 892 877 Vichtwanch
927 814 1039 907 que.
1058 798 1225 879 tamen
1257 784 1400 877 ambe
1427 782 1594 906 priscis
1627 798 1725 876 tem
1764 786 1818 898 οξ
1887 886 1891 893 .

302 902 439 995 ¹ribus
474 931 564 1025 per
595 898 771 993 fratres
808 898 1080 997 monachos
1114 900 1518 1040 procurabantur.
1570 915 1628 995 vt
1658 817 1820 1014 nollra

298 1018 563 1144 priuilegia
606 1016 900 1111 attestantur.
969 1016 1217 1115 Reddrtus
1256 1011 1472 1111 custodie
1509 1018 1655 1114 auxit
1695 1017 1817 1113 Duo
1934 1102 1937 1111 .

295 1137 440 1262 paria
483 1135 955 1259 antiphonariorum.
1004 1151 1056 1229 et
1094 1166 1249 1237 vnum
1282 1136 1455 1227 minus.
1496 1137 1546 1228 in
1583 1136 1645 1227 vi.
1677 1134 1816 1237 volu·

293 1252 529 1346 minibus.
572 1254 666 1345 tria
707 1248 972 1377 gradualia.
1014 1253 1067 1344 in
1108 1252 1280 1346 tribus.
1322 1266 1479 1343 totam
1511 1249 1728 1344 bibliam
1764 1251 1818 1370 In

299 1398 382 1488 ¹111·
431 1369 610 1462 librum
648 1368 987 1466 matutinalem
1032 1371 1083 1463 In
1120 1369 1329 1463 duobus.
1364 1366 1544 1460 IIbrum
1574 1365 1823 1461 scolastice·

298 1480 528 1609 hystorie.
565 1487 912 1579 sententiarum
946 1488 1090 1608 petri.
1123 1485 1252 1580 duos
1274 1483 1493 1579 millales.
1527 1514 1700 1578 omnes
1724 1483 1815 1577 lol-

239 1626 247 1633 ·
301 1600 528 1724 lempnes
572 1603 738 1697 libros.
781 1604 833 1695 iu
876 1598 1071 1728 lingulis
1107 1601 1454 1696 voluminibus.
1497 1600 1553 1694 'et
1586 1599 1714 1695 duos
1752 1600 1816 1700 de
1897 1683 1901 1692 ,

131 1762 134 1769 ¹
187 1808 193 1819 ,
297 1718 762 1842 computacionibus
792 1718 1088 1813 reddituum.
1118 1718 1264 1812 Icribi
1295 1717 1426 1811 fecit.
1447 1718 1599 1813 ”Hoc
1624 1720 1815 1841 tempo·

299 1858 353 1927 re
375 1864 507 1935 anno
533 1835 719 1931 demini
742 1836 943 1929 M⁰.ccc.
957 1837 1036 1957 iiij.
1064 1837 1359 1957 computatis
1378 1832 1681 1949 redditibus,
1704 1835 1816 1930 sunt

289 1950 502 2045 *inventa
531 1954 585 2048 ln
608 1953 882 2070 Natiuitate
907 1952 1088 2047 Sancte
1111 1951 1273 2045 Marie
1306 1952 1421 2069 Ivin.
1443 1951 1631 2050 talenta
1664 1950 1814 2073 denaq

253 2069 493 2163 ..riorum
528 2084 579 2163 et
607 2072 661 2163 in
691 2070 801 2163 aliis
837 2068 1034 2161 diuersrs
1066 2066 1386 2191 temporibus.
1420 2066 1538 2159 xlix.
1572 2080 1635 2159 et.
1655 2067 1715 2186 ij.
1741 2080 1812 2190 tay
1925 2072 1931 2087 '

294 2182 434 2277 lenta
465 2186 665 2279 Werch.
700 2200 752 2279 et
785 2181 1212 2309 Stainpfenninge.
1247 2198 1431 2305 preter¹
1448 2183 1690 2299 minorem
1715 2212 1812 2306 nu·

292 2328 483 2392 merum
531 2332 679 2425 quam
721 2300 977 2394 talentum.
1019 2298 1229 2393 Centum
1265 2313 1453 2393 carrate
1487 2296 1812 2396 cereuilie.'et

115 2455 122 2465 ·
290 2415 540 2510 constituit
563 2448 654 2538 pro
685 2447 807 2510 urna
828 2414 1062 2509 c'ereuifie'
1089 2430 1153 2555 et⁸
1165 2447 1258 2541 pro
1289 2416 1427 2509 resch
1452 2412 1637 2509 ehorn.
1656 2414 1810 2510 x..de·

292 2534 475 2625 uarios.
497 2532 760 2626 Caleorum
780 2532 867 2625 Μ’.
883 2532 1045 2627 dcccc.
1058 2565 1167 2652 xvu.
1192 2535 1371 2627 caseos.
1392 2545 1559 2655 preter
1580 2532 1809 2627 wochen-

71 2628 75 2637 ⁴
182 2726 185 2733 .
239 2648 241 2652 ’
291 2646 457 2740 dientt.
507 2662 559 2741 et
599 2648 888 2743 Gerllental.
951 2650 1034 2741 De
1077 2648 1225 2765 caseis
1271 2678 1364 2772 pro
1411 2642 1808 2771 Wochendienll',
1877 2656 1880 2659 ’

22 2791 23 2798 ‘
195 2802 202 2813 ¹
289 2764 469 2882 cclxij.
498 2765 643 2889 Agni.
670 2764 785 2901 cccl:
814 2780 996 2886 preter.
1016 2765 1098 2878 xij.
1170 2764 1228 2857 In
1259 2761 1721 2889 'epyphania‘porci
1743 2765 1807 2885 lij.
1836 2835 1846 2863 -,
1950 2764 1954 2784 ¹

287 2893 457 3004 preter
488 2881 583 2973 alia
618 2880 831 2972 seruicra.
901 2886 998 2973 Hac
1027 2884 1247 2973 habentur
1279 2885 1336 2973 de
1368 2934 1387 2956 .
1426 2887 1637 3003 ‚officiis
1669 2904 1714 2975 et
1736 2936 1755 2958 ,
1785 2935 1805 2960 ‚
1827 2895 1847 2932 t.
1985 2902 1989 2907 -

284 3002 422 3091 curiis
460 2993 706 3090 Redditus
740 3027 933 3091 camere
963 2999 1236 3122 computati
1258 2995 1378 3092 sunt.
1404 2994 1468 3090 ad
1495 2997 1595 3092 xlv.
1619 3000 1807 3093 talenta

246 3219 253 3230 ,
286 3113 605 3207 denariorum
695 3113 819 3205 Item
849 3113 1040 3206 decima
1070 3167 1087 3188 -
1118 3165 1136 3188 ·
1164 3167 1185 3190 ·
1260 3115 1386 3207 Item
1419 3112 1609 3207 deeIma
1634 3114 1805 3211 domo·

290 3257 412 3322 rum.
485 3224 731 3320 Redditus
764 3228 1034 3350 hospitalis.
1076 3229 1140 3320 vi.
1169 3228 1360 3322 talenta
1389 3229 1717 3340 denari-orum.

289 3343 415 3440 Item
446 3341 644 3436 ecclesie
676 3373 758 3436 xv.
784 3341 984 3435 talenta.
1056 3342 1183 3436 Item
1203 3397 1416 3420 ·····
1458 3343 1704 3440 Redditus
1730 3351 1803 3441 in·

288 3459 510 3556 firmarie.
544 3491 590 3554 x.
615 3455 816 3552 talenta.
850 3459 1091 3579 (deletum.
1132 3456 1380 3552 Redditus
1414 3461 1675 3600 pietancie.
1709 3467 1802 3585 viij.

288 3577 513 3697 talenta.)
572 3572 818 3668 Redditus
843 3574 1056 3670 custodie
1093 3575 1156 3696 (i.
1187 3607 1228 3670 e.
1243 3577 1493 3698 stzcristra)
1523 3577 1600 3671 ad.
1634 3581 1703 3672 xii
1733 3596 1837 3672 tar

287 3691 426 3804 lenta
457 3696 477 3814 (
490 3698 680 3786 deletam
709 3707 877 3816 preter
905 3693 1121 3789 decimas
1153 3706 1205 3786 et
1236 3694 1351 3786 alia·-
1367 3695 1602 3814 leruieia.)
1645 3697 1805 3792 Huius

289 3814 446 3905 eciam
482 3824 707 3934 tempore
742 3815 872 3900 aucti
902 3810 1011 3905 sunt
1043 3808 1267 3904 redditus
1299 3810 1549 3904 caseorum
1582 3814 1635 3904 iu
1666 3812 1804 3907 Gaer·

287 3927 461 4024 stental
497 3942 547 4020 et
573 3924 746 4048 predia
784 3923 982 4020 ibidem.
1106 3932 1221 4021 Item
1263 3948 1494 4044 contracta
1519 3935 1805 4051 fraternitas

286 4081 387 4144 cum
429 4050 595 4156 Ordine
634 4043 921 4166 Cystercierfi.
965 4078 1062 4138 cum
1097 4051 1273 4163 eerlrssa
1306 4050 1603 4167 Lambacerfi.
1653 4051 1803 4140 lerti·

290 4169 413 4280 ceryz'.
445 4169 675 4266 Scotorum
701 4160 901 4256 Wemte.
924 4165 1051 4254 domo
1074 4167 1233 4255 Sancti
1253 4157 1453 4256 Floriani
1475 4182 1635 4256 etcum
1655 4166 1830 4256 Naum
1884 4217 1888 4223 »
1975 4239 1982 4246 .

287 4284 500 4401 burgerfi.
574 4282 689 4370 Item
730 4298 949 4370 renouata
991 4312 1088 4372 cum
1129 4284 1308 4402 Mansa.
1349 4300 1395 4370 et
1425 4283 1569 4372 Altat
1600 4285 1803 4403 irfferiori
1941 4394 1945 4402 Ι

291 4419 339 4492 et
384 4402 587 4516 apertori.
674 4393 771 4486 Hic
806 4395 963 4486 eciam
996 4394 1148 4488 abbas
1176 4395 1471 4490 venerabilis
1504 4393 1627 4490 fecit
1655 4426 1803 4491 vnam

115 4527 119 4540 '
224 4511 227 4521 ’
291 4530 341 4608 te
381 4513 579 4606 udinem
623 4512 793 4636 primis
834 4511 1003 4626 annis,
1047 4524 1098 4604 et
1141 4523 1380 4637 preterea.
1427 4512 1509 4632 iiij.
1547 4515 1803 4607 altariolo

285 4625 601 4726 Monasterio.
653 4641 705 4720 et
758 4626 859 4752 ipse
918 4628 1188 4722 consecrari
1239 4627 1371 4722 fecit.
1423 4659 1556 4725 anno
1600 4630 1801 4725 domini.

282 4747 360 4893 M.
377 4743 729 4917 cebtxxxviij.
761 4745 813 4840 in
847 4743 1093 4870 domiuica
1128 4741 1310 4841 ludica.
1351 4747 1487 4843 cuius
1507 4747 1802 4961 prrgleggtznti
