4717 6050
863 419 1319 563 orarrvrr„
1602 369 1743 519 ”m
1886 403 1891 410 ’

1433 524 1442 590 ,
1586 573 1589 580 Ι
1890 571 1896 586 Ι
1964 537 1971 544 .

268 633 536 768 ·Ήο“ι’.,ιὶη3.
568 627 900 766 a-‘capttaieo
936 625 1091 758 Regia
1120 627 1246 756 Virg.
1284 629 1338 724 in
1381 623 1660 726 fortaliciisv
1683 647 1805 725 oum.
1952 637 1971 682 ⁴
2043 661 2053 683 ·

274 774 446 884 ¹ponta
480 755 660 855 medio.
720 760 843 851 Item
876 752 928 844 in
951 748 1031 843 die
1054 749 1297 870 Vinoentij
1330 747 1428 875 feci
1450 746 1817 874 congregacio,
1989 803 2003 824 ι

269 905 406 972 rtem
476 905 531 968 ro
563 889 799 1000 computo
830 869 882 964 et
909 863 1132 990 legendis
1172 863 1366 960 statutis·
1397 881 1448 960 et
1492 895 1584 990 pro
1629 862 1801 956 maltis

256 907 505 1086 :aracusia
536 988 600 1084 de
636 991 828 1084 duobus
858 985 1102 1109 proteruis
1134 982 1441 1078 Doctoribus
1462 984 1648 1078 Ioanne
1670 977 1801 1074 Gru'l

267 1137 351 1202 :ex
383 1107 672 1234 Soligenstat
697 1122 759 1202 -et
781 1101 1023 1226 Georgio
1072 1093 1318 1194 Schebelt
1391 1101 1516 1193 Item
1557 1100 1800 1191 hactenus

267 1223 419 1324 :duosj
442 1227 545 1318 flor.
579 1226 699 1348 Vng.
732 1222 793 1317 ab
827 1216 1094 1344 Augustino
1124 1214 1480 1343 Poteostayner
1507 1217 1687 1309 vitrico·
1706 1214 1799 1307 Ec·

268 1341 427 1434 ‘clesre
464 1344 515 1434 in
549 1351 683 1434 noua
721 1339 945 1434 ciuitate:
985 1337 1287 1430 item‘vnum
1320 1365 1350 1425 a
1392 1333 1663 1459 Capitaneo
1701 1328 1800 1423 for·

269 1456 443 1551 ,talicii
473 1455 624 1566 medii
656 1456 824 1584 pontis
860 1451 996 1546 dicto
1032 1448 1412 1545 Penibemischs.
1487 1449 1608 1543 Item
1651 1448 1708 1541 vs
1736 1475 1800 1543 ue

264 1570 472 1669 ·Sabato
509 1589 637 1669 ante¹
663 1605 749 1669 cor
787 1571 885 1665 oris
922 1565 1091 1662 Christi
1126 1565 1252 1660 duos
1282 1567 1386 1663 flor.
1417 1568 1541 1693 Vog.
1579 1566 1643 1660 ab
1729 1564 1801 1690 pi·

94 1807 99 1815 Ι
285 1689 439 1816 scopo
468 1603 783 1787 Foroliuiensr
816 1685 1079 1782 Alexando
1109 1678 1318 1813 Legato.
1461 1758 1467 1766 .

306 1861 310 1868 ·
372 1809 555 1904 ,Anno
591 1833 716 1932 1479.
747 1807 848 1902 Die
878 1801 1100 1897 Tiburcii
1130 1831 1196 1892 nu
1236 1801 1279 1894 st,
1515 1839 1518 1847 ·

262 1987 272 2010 .·
406 1927 555 2020 Anno
587 1922 959 2033 Domini-1480.
999 1924 1052 2012 in
1087 1913 1169 2008 die
1259 1910 1456 2009 othardi
1486 1917 1609 2008 Dux
1642 1905 1801 2010 Geor·
1882 1933 1890 1944 ·

261 2042 395 2166 gius
426 2040 490 2136 de
525 2041 736 2137 Bouaria
801 2067 860 2131 ro
892 2034 1046 2129 feudo
1077 2030 1367 2157 recipiendo
1388 2030 1631 2126 Biennam
1651 2033 1802 2127 intra·

260 2160 372 2252 -uit
434 2160 555 2255 Item
621 2156 745 2252 ridie
822 2151 1039 2249 onifacii.
1060 2151 1158 2245 hoc
1202 2147 1270 2244 est
1299 2148 1521 2243 secundo
1564 2145 1643 2242 die
1675 2149 1805 2242 Iunii

261 2288 432 2396 ,iratus
464 2273 558 2367 esi
613 2273 690 2369 ius
721 2301 859 2368 meus
895 2268 1252 2398 primogenitus
1284 2263 1575 2394 Leopoldus
1615 2267 1671 2362 in
1718 2265 1803 2364 die
1921 2304 1926 2314 ·

261 2385 535 2484 -Bonittcii
565 2391 855 2516 baptizatus.
1150 2415 1190 2430 '⁴
1503 2459 1507 2465 -
1619 2453 1629 2468 ··

261 2541 268 2588 .·
403 2509 553 2602 Anno
582 2503 837 2628 1481.=Die
855 2505 1002 2602 Pauli
1022 2533 1171 2600 vnum
1190 2503 1440 2632 flor.-Vng.
1463 2499 1615 2597 Miles
1635 2500 1803 2628 Aycir-

260 2648 465 2761 --perger
495 2641 761 2750 compater:
779 2641 939 2719 meus:
990 2623 1369 2746 Itemsequenti
1396 2619 1503 2744 post
1531 2621 1804 2713 animarum

259 2739 469 2834 »intraui
500 2771 666 2836 aorem
697 2741 983 2836 inferiorem
1011 2739 1219 2834 Stubam
1259 2734 1486 2878 propter*
1505 2736 1802 2864 inualescen-

261 2858 428 2948 eiam.
438 2859 750 2981 pestilencia,
788 2887 885 2982 que
924 2853 1231 2981 circaEgidi
1270 2855 1503 2980 incepit·
1543 2853 1687 2949 Deus
1721 2855 1802 2949 sua

258 2973 439 3094 gratia
469 3002 558 3068 noa
590 2971 838 3070 custodiat.
1246 3005 1251 3040 f
1297 3033 1301 3048 ·
1388 3011 1392 3018 ·
1762 2981 1766 2988 ’

258 3146 267 3159 ·
401 3090 552 3182 Anno
583 3088 869 3182 Natiuitatis
900 3083 1110 3182 Domini
1144 3108 1270 3203 148a.
1301 3087 1405 3181 Die
1435 3088 1689 3187 Kathedre
1711 3090 1803 3183 Pe·
1917 3101 1920 3107 '

261 3204 347 3295 «tri
378 3232 528 3296 vnum
559 3206 663 3296 flor.
694 3204 972 3297 Renensem
1004 3203 1198 3327 abipso
1228 3204 1452 3297 Domino
1484 3205 1717 3299 Anbaldo
1752 3208 1804 3299 in

52 3410 54 3418 .
111 3344 114 3349 ’
259 3317 494 3413 δ·Αυ[ὶι·ἰιιε
531 3334 582 3414 et
614 3351 676 3413 eo
708 3319 788 3413 die
820 3336 941 3413 anta
975 3318 1191 3413 medium
1229 3320 1397 3412 noctis
1437 3319 1561 3413 hora
1600 3322 1804 3446 septima

261 3437 337 3530 -in
368 3432 517 3530 castro
551 3437 745 3529 Vienne
785 3434 969 3560 prestiti
997 3438 1326 3552 iuramentum
1356 3435 1673 3529 Inuictissrmo
1711 3440 1803 3531 lm·

262 3625 271 3643 .
322 3554 503 3646 oratori
531 3552 783 3661 Friderico
815 3554 958 3646 Duci'
977 3550 1165 3647 Austrie
1197 3554 1340 3677 super
1368 3550 1582 3645 Lectura
1610 3554 1662 3646 in
1693 3554 1805 3648 Me·

248 3582 452 3763 ’officina
480 3668 637 3763 studii
667 3668 981 3784 Viennensis,
1041 3683 1198 3795 quam'
1229 3668 1350 3763 mihi
1388 3698 1447 3762 ea
1475 3684 1624 3763 nocte
1654 3702 1804 3781 manu
1984 3766 1992 3777 ,

261 3844 272 3859 ·
344 3789 484 3911 opria
501 3786 726 3880 ‘contulit
753 3786 990 3913 graciose,
1028 3816 1176 3911 quarn
1206 3783 1406 3912 quidem
1437 3784 1698 3880 Lecturam
1728 3818 1807 3893 res

262 3962 278 3975 ··
319 3904 492 4030 gnauit
518 3906 727 4029 propter
756 3932 845 3995 me
865 3906 916 3997 in
948 3932 1122 3998 manus
1148 3904 1467 4029 imperatoris
1491 3902 1803 4000 Venerabilis

262 4037 342 4118 -et
371 4022 610 4144 Egregius
640 4021 720 4120 vir
748 4018 980 4147 Magister
1009 4016 1297 4116 cristoforus
1327 4020 1632 4116 Kchreiczer
1660 4038 1805 4146 pater

208 4216 213 4227 .
262 4154 337 4234 :et
366 4154 658 4263 preceptor,
706 4135 1074 4231 director'mihi
1103 4136 1379 4264 singularis,
1473 4136 1616 4233 uibus
1646 4140 1803 4265 gratie
1927 4174 1932 4179 ’

267 4252 374 4350 ,sint
403 4254 718 4349 immortales.
759 4252 1037 4390 ,Presentes
1068 4271 1233 4351 autem
1261 4256 1313 4348 in
1339 4168 1532 4350 consriio
1557 4254 1695 4350 suere
1719 4258 1804 4350 Vi·

264 4371 423 4465 uso-alis
455 4386 506 4465 et
535 4371 678 4465 multi
706 4369 793 4465 ahi
815 4368 1207 4487 dec'onfiliariis,
1235 4374 1355 4467 item
1379 4371 1653 4475 Cardinalis
1676 4374 1802 4469 Hes·

265 4486 376 4587 *leri
406 4487 606 4583 Viscalia
624 4486 897 4601 barbatus,
926 4490 1012 4614 q'ui
1042 4488 1358 4615 proponebat
1385 4489 1537 4585 verba
1560 4492 1803 4585 iuramen-

284 4607 325 4697 ti
355 4617 407 4697 et
436 4632 532 4741 ego
563 4605 795 4699 barbatus
826 4604 1039 4730 assumpsi
1070 4604 1279 4702 extensis
1308 4605 1512 4711 brachio
1545 4622 1600 4703 et·
1622 4607 1669 4701 d·
1706 4611 1801 4705 itis.

285 4718 514 4822 Porrexrt
543 4752 742 4841 manum
770 4722 1069 4851 Imperator,
1099 4754 1210 4823 oum
1230 4724 1513 4822 accessissem
1541 4726 1686 4939 sulaAm·
1752 4756 1802 4820 a·

920 4920 924 4927 .
1642 4872 1741 4941 are·
