4717 6050
621 448 1422 577 nrrscorrrrravn
1622 423 1748 552 'ur

205 728 209 735 -
250 666 253 674 ’
319 666 454 763 entia
481 680 691 762 tonatur
708 662 967 776 euellere,
1004 676 1056 756 et
1086 658 1286 756 frutices
1310 654 1591 755 fructiferas
1621 682 1793 760 eorum

279 694 396 881 beo
434 782 817 909 transplantare,
886 781 1079 873 ferente
1102 778 1200 872 hoc
1221 780 1536 905 impatienter
1557 778 1690 875 boile
1710 808 1824 905 ge·.
1940 808 1948 819 ·

280 905 413 997 neris
448 902 677 1014 humani,
712 914 764 992 et
792 912 991 1023 ceptum
1021 928 1084 989 ne
1121 898 1283 990 ocium
1318 897 1611 1021 interrupit,
1640 909 1691 988 et
1722 898 1801 989 vi··

280 1032 381 1113 tam
419 1019 568 1112 beato
598 1018 704 1110 viro
737 1014 953 1109 adimere
987 922 1241 1155 peribalit,
1281 1012 1364 1107 die
1403 1043 1507 1105 vna
1547 1012 1700 1107 flebili
1742 1025 1801 1107 et

279 1134 484 1229 infausta
528 1163 661 1227 anno
696 1130 958 1226 dominicae
994 1132 1351 1225 1ncarnationis
1383 1126 1667 1224 CCLXXV.
1708 1127 1796 1221 iub

282 1251 588 1345 Numeriano
622 1252 689 1342 im
727 1252 777 1342 io
814 1248 1085 1375 Tyranno,
1117 1246 1209 1373 qui¹
1238 1276 1349 1343 cum
1380 1260 1522 1369 patre
1548 1246 1630 1339 luo
1662 1242 1792 1338 Caro

277 1365 585 1465 Narbonenli
620 1382 671 1459 et
747 1381 854 1460 atre
878 1362 1059 1479 Carino
1092 1365 1275 1457 summa
1306 1363 1499 1487 Imperi
1530 1392 1621 1487 per
1657 1361 1799 1454 bien·

278 1486 416 1577 nium
453 1482 847 1595 maculauerunt,
909 1481 1009 1601 Qui
1041 1480 1108 1574 ob
1131 1480 1448 1606 polluciones
1470 1394 1576 1572 duas
1600 1475 1683 1572 dei
1705 1508 1794 1570 nu·
1933 1580 1936 1588 ¹

277 1614 333 1693 tu
365 1601 516 1694 cicius
549 1597 600 1693 di
634 1630 721 1693 nas
822 1630 911 1693 nas
946 1596 1269 1711 exoluerunt,
1301 1596 1429 1691 Caro
1451 1595 1553 1689 ictu
1574 1594 1794 1689 fulminis

277 1714 328 1815 ie
363 1718 415 1809 in
445 1715 585 1842 Tigri
622 1746 701 1810 em
755 1714 967 1811 uilocato
1028 1712 1335 1809 Numeriano
1368 1742 1491 1807 vero
1522 1711 1696 1808 fraude
1720 1712 1800 1807 so-.

279 1834 380 1929 ceri
411 1834 481 1925 lui
514 1865 542 1927 a
572 1837 653 1928 via
674 1830 930 1927 redeunte
959 1860 994 1923 a
1029 1829 1167 1925 bello
1200 1830 1435 1925 Parthico
1467 1828 1678 1923 limiliter
1711 1858 1794 1923 oc·

32 1988 37 2051 ι
122 1967 125 1971 ’
278 1950 400 2063 cilo,
432 1964 580 2074 atque
619 1949 799 2045 Carino
831 1979 861 2041 a
894 1945 1229 2041 Diocleciano
1264 1949 1473 2040 interem
1508 1960 1577 2040 to.
1636 1946 1793 2044 Hicce

276 2082 508 2188 corrupte
543 2066 845 2163 intencionis
863 2064 1036 2189 princi
1073 2092 1127 2156 es
1159 2061 1454 2156 miserunta
1510 2061 1683 2156 vrbem
1701 2059 1796 2155 Ce·
1851 2068 1856 2075 '

272 2178 423 2311 leiam
444 2183 691 2306 quendam
711 2181 1006 2307 Tyrannum
1028 2094 1249 2274 ibdicem
1270 2181 1474 2275 nomine
1496 2176 1715 2273 Eulalius
1733 2192 1801 2275 vt

31 2352 35 2391 ι
273 2296 534 2407 Hunorum
569 2299 773 2392 insultus
809 2312 860 2391 et
895 2292 1218 2391 Tartarorum
1248 2310 1396 2421 atque
1428 2297 1632 2393 aliarum
1660 2295 1802 2391 fero·a
1863 2340 1866 2358 ·

122 2498 125 2505 ,
274 2414 403 2507 cium
436 2418 695 2508 nationum
720 2412 1051 2510 adorientem
1075 2415 1251 2508 crebro
1285 2444 1396 2507 cum
1423 2412 1739 2524 lortillrmisa
1771 2462 1807 2499 ·.
1939 2432 1948 2445 ‘

276 2528 491 2623 minibus
513 2530 844 2655 prouinciam,
876 2561 987 2657 quae
1007 2546 1126 2624 tunc
1147 2530 1490 2626 Romanorum
1508 2530 1700 2625 suberat
1754 2564 1791 2625 ι-

274 2648 426 2761 tioni,
451 2660 504 2740 et
515 2649 587 2741 eis
598 2646 831 2743 tributum
845 2646 1124 2773 pendebat,
1144 2646 1430 2743 vastantium
1442 2648 1791 2775 compesceret,

273 2765 360 2886 qui
405 2764 617 2859 veniens
658 2793 750 2886 per
795 2764 1034 2858 ciuitates¹
1076 2762 1243 2857 valida
1283 2794 1433 2859 manu
1481 2762 1800 2874 Chrillicolas'
1899 2880 1903 2885 ¹

185 2894 190 2905 '
308 2909 399 2972 uos
443 2894 494 2973 et
534 2879 910 3004 apprehendere
947 2880 1138 3004 potuit,
1184 2880 1248 2973 ad
1279 2881 1510 3005 peruersa
1526 2878 1790 3002 ¹idolorum

269 2908 499 3092 benficia
532 2997 797 3122 pertraxit,
886 2997 990 3092 Eos
1021 3026 1143 3093 vero
1175 3027 1301 3122 quos
1330 2998 1530 3094 flectere
1560 3028 1666 3093 non
1699 3028 1801 3126 po·.

270 3127 425 3225 terat,
447 3112 533 3206 ud
611 3113 851 3207 eruerlam
896 3115 1028 3205 suam
1069 3114 1405 3229 voluntatem,
1447 3113 1645 3210 diuersis
1687 3132 1789 3211 tor·

268 3231 450 3324 mentis
484 3225 548 3321 ad
584 3244 710 3322 retas
731 3229 1020 3340 interemit,
1050 3227 1288 3352 Ingrellus
1322 3260 1442 3357 ergo
1472 3230 1688 3325 Celeiam
1715 3265 1791 3329 vr·

272 3343 389 3441 bem
418 3341 757 3458 maneziacto,
787 3345 1018 3482 preconis
1052 3373 1183 3441 voce
1216 3343 1339 3438 iullit
1373 3345 1502 3439 edici
1540 3359 1594 3441 vt
1613 3377 1788 3450 omnes

272 3461 519 3585 utriusque
558 3460 699 3555 sexus
737 3489 1072 3586 culuscunque
1118 3458 1420 3557 conditionis
1452 3461 1517 3576 ad
1547 3466 1789 3602 templum

270 3574 451 3674 Martis
499 3580 850 3692 conuenirent,
890 3593 942 3672 et
969 3577 1126 3703 ipsum
1156 3575 1393 3702 sacrificijs
1434 3593 1486 3674 et
1521 3579 1787 3688 oblationi·

270 3692 364 3792 bus
398 3694 680 3832 placarent,
716 3709 965 3906 ‘quatenus
1008 3723 1125 3826 erga
1166 3694 1326 3791 hostes
1366 3728 1479 3790 cum
1511 3697 1688 3823 quibus
1722 3696 1789 3794 de

25 3905 28 3928 ,
270 3841 500 3938 proxrmo
530 3843 713 3938 congre
751 3843 865 3906 urus
901 3827 1032 3925 erat,
1063 3812 1364 3908 concederet
1392 3814 1696 3940 triumphare
1714 3929 1717 3937 Ι
1734 3830 1787 3912 et

25 3935 27 3968 *
149 4031 155 4040 ¹
270 3931 442 4022 votius
519 3931 631 4022 otiri
670 3931 916 4050 victoria·
978 3926 1062 4024 Ad
1093 3929 1230 4056 quod
1260 3943 1551 4070 preceptum
1581 3932 1786 4057 explen-

270 4043 388 4140 dum
415 4043 465 4138 fe
510 4051 645 4139 'nant
669 4047 882 4174 gentiles
915 4047 1087 4159 multi,
1126 4048 1277 4142 animr
1308 4047 1515 4144 leuitate
1544 4052 1787 4175 permoti,
1943 4057 1950 4072 “
1997 4131 2002 4138 .

267 4162 494 4287 plerique
521 4163 671 4258 etiam
695 4162 948 4259 Christiani
971 4164 1283 4259 sacramentis
1309 4166 1490 4262 mitiati
1516 4180 1652 4260 metu
1677 4165 1791 4295 Ty.
1852 4155 1864 4220 ·’

267 4283 410 4373 raoni
429 4277 634 4375 inducti.
723 4281 877 4492 &uod
916 4279 1120 4376 audiens
1150 4279 1522 4379 Maximilianus
1560 4312 1778 4382 commo·

269 4397 334 4490 tis
356 4396 617 4492 visceribus
639 4427 719 4492 me
758 4397 951 4513 ullitus,
983 4401 1108 4494 etin
1129 4397 1392 4498 lachrimas
1413 4401 1654 4496 resolutus
1676 4434 1783 4500 ora·

253 4513 346 4607 uit
391 4511 654 4637 prostratus
698 4513 763 4610 ad
804 4511 1085 4630 dominum,
1161 4530 1369 4613 uatenus
1402 4518 1785 4630 misericordiam

25 4653 26 4660 ‘
272 4629 464 4762 populo
509 4629 598 4728 luo.
641 4631 809 4752 daret.
845 4663 912 4731 ue
945 4635 1000 4730 in
1033 4632 1111 4731 inl
1158 4631 1312 4732 tando
1348 4651 1523 4764 gentes
1558 4634 1808 4855 dicepent'
1937 4651 1962 4758 ᾗ
2006 4681 2012 4692 ·

176 4823 181 4834 .
1238 4808 1241 4814 ’
1637 4787 1671 4851 V
1703 4786 1739 4853 1.
2026 4818 2030 4825 -
