4717 6050
558 461 710 568 ³am
1125 412 1632 543 ΑΝοιΥΜι“
1784 482 1792 493 =

580 668 919 772 landenberch
954 666 1168 763 collecto
1199 669 1430 763 exercitu.
1464 679 1768 791 cooperante
1787 664 1975 793 ybano.
2009 680 2092 763 'co-

582 790 701 887 mite
739 788 951 912 Vngaro.
995 785 1193 879 castrum
1232 788 1285 879 in
1315 798 1485 879 monte
1519 785 1672 879 sancti
1700 784 1920 880 Martini.
1955 786 2093 881 obse·

522 958 525 969 ·
584 911 658 1002 dit
703 920 756 1001 et
787 904 920 1028 cepit
952 934 1063 996 cnm
1096 901 1274 997 eisdem
1306 903 1603 996 hominibus.
1646 903 1698 995 in
1735 902 1951 996 Wudam
1983 932 2093 1027 per·

582 1052 719 1237 fiens.
743 1020 1014 1114 Dominam
1036 1022 1254 1143 reginam
1276 1020 1498 1113 relictam
1529 1016 1743 1144 predicti
1762 1020 1971 1113 Domini
1990 1020 2094 1127 An·

620 1167 718 1237 ree.
755 1136 904 1229 liliam
927 1135 1160 1230 videlicet
1188 1138 1397 1230 Domini
1418 1136 1625 1231 Alberti.
1654 1134 1996 1229 Romanorum
2019 1166 2095 1230 re·

519 1364 524 1374 ,
571 1274 573 1279 ’
583 1260 658 1389 gis
701 1256 754 1348 in
789 1253 1054 1349 Wiennam
1102 1254 1373 1349 honorilice
1415 1252 1626 1349 reduxit
1723 1252 1920 1347 Eodem
1961 1283 2095 1349 anno

585 1370 786 1505 quidam
819 1372 898 1465 Vn
933 1374 1004 1465 ari
1027 1371 1300 1467 nobiliores
1333 1399 1444 1465 cum
1475 1370 1665 1465 ciuibus
1697 1371 1749 1463 in
1770 1366 1949 1463 Wuda.
1978 1400 2096 1464 con·
2158 1402 2161 1406 ’

583 1495 822 1618 spirantes
864 1400 1017 1584 fisrum
1050 1490 1180 1616 regis
1213 1488 1469 1584 Bohemie.
1512 1516 1753 1624 prorege
1794 1485 1878 1624 libi
1912 1487 2097 1613 eligen-

504 1670 506 1677 ι
582 1625 662 1704 tes
696 1607 784 1729 (in)
818 1620 1000 1700 terram
1048 1638 1104 1700 ac
1136 1610 1189 1699 in
1224 1606 1495 1745 predictam
1530 1609 1779 1699 ciurtatem
1811 1603 2097 1699 introduxe-

584 1742 712 1823 runt.
771 1722 960 1817 Contra
987 1753 1135 1848 quem
1168 1723 1295 1817 lilrus
1329 1724 1459 1849 regis
1493 1721 1693 1848 Sycilie.
1728 1724 1787 1814 in·
1811 1736 1953 1845 parte
1977 1722 2098 1836 alte·

569 1877 641 1955 =ra
674 1843 938 1967 Vngariam
979 1840 1193 1933 similiter
1224 1841 1522 1934 subintrauit.
1593 1840 1747 1979 Igitur
1779 1853 1985 1967 propter
2014 1868 2099 1933 eo·

584 1958 796 2057 rundem
839 1954 1128 2051 discordiam
1173 1972 1229 2051 et
1269 1957 1576 2081 Vngarorum
1618 1986 1671 2049 ιιι
1710 1970 1916 2079 utraque
1960 1970 2100 2079 parte
2228 1964 2233 1970 ’

588 2075 1025 2173 consenciencium.
1059 2072 1245 2202 Magna
1280 2104 1395 2201 pars
1418 2075 1630 2201 Vngarie
1655 2071 1911 2168 destruitur
1944 2086 1996 2167 et
2019 2103 2099 2168 va·

441 2256 446 2271 ·
587 2194 746 2291 statur.

737 2310 1019 2427 M⁰.ccc⁰.ij⁰.
1069 2309 1318 2405 Dominus
1356 2306 1635 2404 Cardinalis
1673 2306 1832 2403 dictus
1863 2305 2101 2402 Nicolaus

591 2426 832 2523 Ostiensis.
880 2458 909 2520 a
940 2428 1095 2521 latere
1129 2428 1340 2521 Domini
1373 2424 1625 2550 apostolici
1657 2424 1899 2547 Bonifacij
1931 2423 2103 2521 misius.

590 2545 656 2640 ad
688 2543 939 2668 predictos
971 2574 1114 2681 reges
1148 2541 1526 2637 concordandos
1566 2542 1837 2637 honorilice
1885 2542 2104 2638 austriam
2162 2570 2167 2587 ·

471 2732 473 2735 -
590 2660 838 2759 transiens.
874 2661 1138 2784 Vnganam
1169 2663 1333 2753 intrat.
1386 2674 1437 2754 et
1477 2688 1652 2753 omnes
1695 2658 2103 2785 archiepiscopos.

593 2778 866 2903 episcopos.
900 2791 951 2870 et
978 2776 1226 2900 prelatos«
1248 2772 1461 2869 eiusdem
1482 2776 1636 2913 regni.
1669 2777 1963 2872 auctoritate
1986 2809 2015 2869 a
2052 2799 2104 2871 oz

592 2892 772 2993 tolica.
811 2907 1069 2986 conuocat.
1103 2906 1155 2985 et
1180 2891 1242 2984 de
1272 2921 1395 3015 pace
1428 2922 1570 3015 regni
1589 2894 1790 2988 consilio
1817 2923 1987 2989 eorum
2026 2925 2104 2989 em

591 3014 647 3108 in
715 3022 918 3103 uantum
946 3006 1104 3134 potest
1135 3011 1344 3136 cogitat,
1379 3023 1429 3103 et
1452 3022 1734 3135 pertractat
1764 3010 1847 3107 sed
1871 3012 1923 3105 in
1947 3003 2104 3106 huius·

592 3039 732 3223 modi
755 3128 982 3253 negocio.
1016 3125 1167 3221 nichil
1188 3125 1465 3250 proficiens.
1502 3128 1762 3253 Vngariam
1788 3130 1901 3223 exit.
1937 3131 2103 3224 Wien·
2222 3172 2226 3180 ·

594 3273 811 3370 namque
851 3245 902 3337 in
978 3243 1160 3354 artibus
1202 3241 1371 3338 austrie
1414 3260 1464 3338 et
1492 3246 1726 3338 reuersus.
1772 3247 1868 3340 Vbi
1896 3247 2103 3340 nuncios

593 3362 892 3486 sollempnes
998 3363 1128 3496 irigit
1169 3358 1242 3453 ad'
1274 3360 1552 3484 predictum
1590 3362 1866 3456 Dominum
1906 3362 1978 3458 Pa
2014 3395 2103 3460 am.

595 3477 922 3576 Bonifatium.
964 3479 1033 3572 sui
1072 3479 1267 3603 negocii
1299 3492 1534 3572 tractatus
1611 3507 1664 3570 er
1694 3479 1920 3574 ordinem
2006 3480 2103 3576 ele·

534 3699 545 3706 ,
594 3610 775 3692 rentes.
942 3592 1134 3689 Eodem
1167 3625 1299 3690 anno
1330 3597 1511 3688 Archie
1550 3510 1728 3719 isdopi,
1758 3597 2103 3720 Maguntinen·

596 3713 666 3810 lis.
700 3711 1018 3807 Colonicnlis.
1042 3711 1504 3805 Treuerensrs.-cum
1580 3713 1750 3807 omino
1770 3715 1983 3810 Alberto
2006 3716 2104 3810 Ro·

597 3859 854 3932 manorum
884 3859 1001 3952 rege
1033 3827 1475 3922 concordauerunt.
1513 3845 1567 3922 et
1594 3827 1732 3952 pacis
1756 3835 1993 3927 vnionem
2014 3837 2104 3926 ler-

428 4048 429 4054 Ν
599 3945 812 4040 nandam
853 3960 1095 4069 perpetuo
1136 3948 1433 4039 iurauerunt
1521 3944 1713 4040 Eodem
1751 3977 1897 4044 anno.
1938 3948 2104 4044 Predi·

598 4078 707 4158 ctus
738 4062 986 4155 Dominus
1015 4059 1305 4180 Cardinalis.
1337 4059 1600 4188 apostolice
1625 4061 1750 4160 sedis
1772 4063 1976 4192 legatus.
1999 4069 2105 4161 Do·

599 4182 785 4274 minum
827 4177 1198 4273 Wenczellaum
1240 4200 1407 4304 regem
1446 4179 1687 4273 Bohemie
1732 4210 1841 4275 cum
1881 4183 1982 4280 lilio
2021 4186 2104 4279 suo

473 4383 476 4390 .
601 4299 670 4419 (in
692 4302 893 4419 margine
926 4295 1267 4418 Wenczellao)
1301 4327 1449 4422 quem
1481 4296 1544 4390 ad
1576 4297 1653 4389 Vn
1687 4301 1843 4391 ariam·
1867 4331 1960 4426 pro
1991 4298 2107 4428 rege

601 4409 828 4526 tradidit,
859 4414 907 4506 in
939 4427 1081 4551 parte
1112 4444 1222 4508 vna.
1264 4428 1315 4508 et
1353 4414 1624 4507 Dominam
1724 4444 1776 4508 ar
1810 4433 1995 4514 aretam
2033 4450 2107 4513 re·

575 4532 766 4658 *gissam
797 4527 995 4659 Sycihe.
1027 4560 1138 4622 cum
1167 4529 1269 4624 filio
1300 4530 1399 4624 suo.
1434 4531 1456 4651 (
1468 4539 1514 4624 in
1543 4541 1744 4655 metgias
1822 4535 1993 4658 arolo)
2025 4534 2109 4661 qui

601 4677 695 4788 pro
727 4645 865 4770 Rege
898 4677 925 4738 a
957 4647 1121 4740 multis
1154 4645 1406 4741 nobilibus
1445 4649 1496 4740 in
1527 4649 1741 4786 Vugaria
1772 4649 1837 4744 est
1866 4667 2107 4778 receptus.

601 4795 654 4860 ιιι
683 4775 825 4893 parte
855 4762 1024 4858 altera.
1056 4761 1119 4857 ad
1143 4764 1443 4890 presenciam
1470 4764 1681 4861 Domini
1701 4798 1846 4895 pape.
1877 4766 2003 4862 infra
2028 4769 2108 4866 sex

1860 4886 2050 4984 menses
2094 4918 2098 4926 ’
