4717 6050
613 494 1016 585 canonicor
1060 491 1608 595 creaturam
1722 526 1798 615 41,
1895 574 1903 579 .

317 710 549 809 ¹Pezeiini
579 708 771 807 abbatis
832 702 920 805 Iste
951 676 1247 801 Altmannus
1278 704 1436 801 edam
1466 700 1599 830 apud
1636 735 1732 801 nos
1769 738 1847 802 re·
1970 776 1973 779 .
2086 736 2089 741 ·

325 832 558 925 formauit
582 829 902 961 ‘monasticam
934 822 1236 948 disciplinam
1268 838 1320 919 et
1362 822 1575 950 prefecit
1614 823 1877 921 abbatem

327 949 651 1180 dy'mdcfflcvj.
682 1050 995 1156 Leotholdus
1024 1054 1107 1151 vel
1148 1055 1232 1153 leo
1272 1055 1429 1152 oldus.
1456 1037 1679 1152 marchio
1723 1057 1846 1199 obijt

256 1257 260 1267 .
313 1196 375 1276 et
405 1178 670 1308 leopoldus
702 1178 833 1273 filius¹
861 1171 1076 1270 succedit
1106 1174 1193 1268 Iste
1225 1090 1386 1270 dictus
1418 1175 1483 1270 est
1498 1177 1619 1310 pius·
1640 1176 1842 1272 etrestr·

316 1303 418 1395 tuit
447 1300 593 1393 nobis
623 1294 798 1429 predia
827 1296 879 1389 in
910 1292 1194 1417 petenbach
1224 1323 1321 1418 que
1352 1292 1415 1385 ad
1446 1323 1619 1387 manus
1649 1292 1843 1391 manfie-

319 1432 437 1513 runt
465 1416 595 1509 forte
629 1445 718 1539 per
741 1410 1073 1537 patauiensem
1098 1410 1381 1535 episcopum
1407 1409 1725 1503 Christianum
1758 1411 1840 1508 iub

315 1533 561 1631 Heinrich
590 1533 893 1657 Imperatore
954 1527 1075 1622 Item
1102 1526 1428 1621 constructum
1452 1525 1520 1621 est
1538 1525 1841 1624 Scistercium

315 1651 408 1745 tub
440 1649 641 1743 Vrbano
672 1679 804 1773 papa
832 1647 898 1739 Et
926 1643 1197 1739 Altmanno
1222 1643 1407 1738 'abbate
1493 1729 1496 1733 ,

438 1766 509 1861 Μ.
530 1766 652 1861 c.v'..
688 1765 951 1859 Hainricus
994 1762 1269 1887 Imperator
1311 1762 1432 1883 obijt
1471 1776 1524 1857 et
1571 1761 1654 1858 leo
1693 1762 1839 1860 oldus

316 1882 539 1979 marchio
580 1882 730 1977 fiiam
782 1883 887 1977 eius
927 1878 1067 1972 duxit
1107 1880 1357 2003 Agnetem
1397 1879 1614 1974 sororem
1655 1796 1841 1977 idilicet

316 2001 543 2103 Hainrici
572 2003 701 2128 regis
732 2026 1000 2137 perquam
1029 1995 1199 2118 plures
1229 1994 1357 2087 filios
1387 1998 1658 2120 generauit.
1799 2066 1805 2079 .

434 2118 621 2211 Mex.
653 2120 915 2213 Hamrlcus
944 2142 1033 2207 rex
1062 2111 1348 2211 Paschalem
1377 2142 1559 2237 papam
1592 2114 1725 2238 cepit
1753 2112 1839 2210 sed
1993 2139 1998 2159 ²
2100 2110 2107 2123 '

308 2237 363 2333 ei
392 2234 560 2361 postea
589 2232 935 2329 reconciliatus
967 2243 1018 2323 et
1047 2228 1109 2321 ab
1141 2259 1205 2322 eo
1237 2243 1503 2323 coronatus
1534 2227 1638 2323 fuit.

433 2350 504 2445 M.
521 2382 560 2443 c.
575 2354 652 2471 xij.
683 2344 974 2472 Leopoldus
998 2347 1216 2441 marchio
1241 2375 1409 2482 regem
1434 2347 1741 2471 Vngarorum
1763 2351 1837 2445 in·

203 2590 212 2597 ί
316 2469 507 2585 secutus
537 2467 770 2679 guasdam
803 2465 1153 2625 eiusnciuitates
1178 2463 1353 2601 dirrurt
1374 2478 1426 2557 et
1446 2464 1669 2559 incendit
1711 2468 1836 2564 Item

314 2586 506 2724 sanctus
584 2582 819 2722 ernardus
850 2578 1350 2793 Sepitercrumtpliliiprr1¹
1375 2580 1495 2677 effus
1519 2580 1604 2677 sub
1627 2583 1845 2679 Pascha·-

309 2702 348 2798 h
377 2702 1240 2937 padiiceiodinqlnfolliddrcigpdididhio
1285 2770 1597 2910 orientalium
1638 2816 1832 3031 leopol-

77 2922 98 3061 Ἰ
224 3045 228 3062 ,
304 2932 404 3031 dus
445 2936 557 3060 pius
599 2936 806 3031 moritur
838 2932 927 3028 cui
964 2929 1179 3032 succeffit
1225 2928 1353 3028 filius
1404 2935 1510 3029 eius
1560 2935 1715 3059 leopo
1738 2935 1835 3065 dus·

305 3053 483 3188 largus.

306 3288 460 3382 warie
509 3283 824 3378 constituitur.
894 3279 1116 3374 Hainrici
1158 3279 1297 3374 ducis
1348 3280 1450 3376 filio
1493 3285 1732 3384 Hainrico
1775 3294 1830 3384 in

260 3421 266 3432 ’
304 3403 512 3499 exilium
542 3400 682 3524 pulso
716 3430 744 3491 a
776 3393 1015 3490 Kunrado
1045 3421 1184 3520 rege
1223 3396 1312 3491 Iste
1342 3397 1450 3493 Leo
1490 3399 1635 3496 oldus
1657 3435 1827 3502 mona·

307 3521 499 3624 sterium
529 3514 868 3611 newnburckh
899 3529 950 3609 et
978 3514 1140 3608 sancte
1172 3516 1329 3608 crucis
1361 3547 1455 3611 con
1518 3520 1637 3614 uxit

425 3635 498 3732 Μ.
513 3634 659 3728 cxli.
690 3629 982 3756 Leopoldus
1005 3631 1107 3726 dux
1131 3631 1347 3729 bawarie
1372 3649 1423 3728 et
1433 3635 1653 3731 marchio
1666 3640 1827 3734 orien-

308 3753 424 3849 talis
455 3781 566 3846 cum
644 3748 835 3844 unrado
866 3751 918 3844 in
947 3750 1197 3843 saxoniam
1226 3766 1494 3876 prouectus
1536 3753 1558 3872 (
1597 3761 1825 3880 affectus)

306 3871 513 3964 moritur
537 3870 624 3964 -cui
651 3869 912 3962 Hainricus
942 3865 1094 3961 frater
1123 3868 1230 3961 eius
1273 3867 1489 3963 succedit
1547 3789 1689 3966 dica
1729 3874 1826 3970 hec

275 4033 278 4042 ⁴
304 4003 532 4112 tempora
563 3985 902 4080 monasterium
926 3983 1208 4096 Glewnckh
1237 3984 1303 4079 est
1333 3985 1654 4082 constructum
1673 3990 1826 4088 Anno

307 4103 498 4201 domini
540 4104 612 4198 Μ.
636 4135 675 4196 c.
700 4103 829 4222 xxiij.
874 4133 903 4195 a
944 4102 1178 4198 Prunone
1217 4100 1379 4198 nobili
1419 4119 1471 4199 et
1523 4107 1825 4204 Ottacherus

311 4223 530 4316 marchio
586 4219 727 4316 dedit
781 4217 953 4314 eidem·
993 4217 1168 4358 predio
1193 4222 1487 4432 1plorantium)
1540 4223 1824 4322 Charseraw

343 4337 443 4432 uod
474 4369 503 4432 a
532 4337 832 4464 bambergch
863 4337 1035 4432 habuit
1063 4335 1162 4430 Vbi
1242 4339 1574 4436 remimunster
1616 4340 1826 4439 dederat

309 4485 339 4546 a
360 4454 443 4546 iud
475 4471 590 4548 ante
623 4457 880 4580 episcopus
912 4455 1113 4580 bamber
1147 4487 1173 4548 e
1213 4454 1267 4550 fis
1300 4457 1425 4551 Otto
1469 4460 1605 4584 quod
1647 4459 1821 4558 confir·

308 4585 410 4664 mat
438 4569 698 4667 Ekwertus
730 4603 861 4667 anno
895 4570 1094 4669 domini.
1186 4575 1481 4787 ‚ccxxxvipj

424 4685 495 4780 M.
508 4688 622 4808 eiij.
654 4686 944 4786 Chunradus
970 4718 1062 4784 rex
1091 4690 1298 4785 moritur
1326 4690 1412 4785 sub
1480 4723 1509 4786 u
1545 4690 1658 4787 enio
1688 4721 1821 4818 papa

306 4817 358 4907 et
387 4803 430 4905 F
429 4801 665 4905 ridericua
698 4809 930 4946 eligitur‚'
951 4811 1211 5054 ‹priftfepcio
1234 4837 1368 4906 anno
1397 4810 1459 4906 ab
1482 4725 1819 5023 adriatspprplon·

428 3169 499 3261 Μ.
515 3170 727 3261 cxxxix.
759 3163 1049 3288 Leopoldus
1079 3122 1586 3262 marchio‘orientalis
1618 3166 1719 3266 dux
1745 3173 1830 3267 ba·
2002 3215 2013 3228 ·
