4717 6050
562 594 632 611 ..
769 444 1409 559 cunoniivsriiine.
1490 489 1520 535 υ
1704 510 1783 587 279

314 682 458 779 uulos
493 710 677 777 eorum.
736 678 938 777 tandem
970 711 1090 777 vero
1122 682 1184 777 ab
1215 684 1393 779 incolis
1423 696 1553 779 terre
1595 686 1722 780 circa
1758 686 1826 781 se·

311 816 449 942 ptem
463 798 622 893 casira.
653 801 865 924 turpiter
887 797 994 892 sunt
1025 798 1088 893 de
1112 810 1243 894 terra
1266 800 1435 930 fugati.
1466 800 1632 897 occisis
1664 806 1824 899 exeis

311 948 363 1013 in
395 917 687 1013 numerabili
723 914 1054 1009 multitudine.
1125 914 1328 1057 Reliqui
1369 948 1490 1013 vcro
1535 921 1621 1043 qui
1662 922 1825 1013 euase-

310 1050 437 1129 runt.
479 1036 701 1159 quamuis
731 1035 877 1157 pauci
907 1033 1154 1171 fugientes
1186 1034 1438 1130 latitantes
1468 1039 1826 1131 intermontes

312 1160 363 1247 et
393 1152 548 1245 valles
580 1151 874 1244 nemorosas.
905 1150 1098 1257 Diuino
1122 1148 1306 1246 iudicio
1336 1154 1441 1247 fere
1465 1183 1638 1247 omnes
1705 1156 1826 1247 erie-

310 1270 437 1362 runt'.
477 1266 857 1385 Namldominus
889 1270 973 1392 qui
996 1266 1183 1477 vbliinrue'
1211 1268 1277 1361 est
1296 1284 1551 1394 protector
1579 1272 1630 1362 in
1673 1301 1700 1362 e
1723 1269 1827 1394 spe·

310 1388 542 1479 ranciuin
582 1383 703 1477 misit
744 1384 886 1523 super
929 1414 1016 1477 eos

312 1499 920 1639 confractisquenubibus.
952 1500 1095 1626 super
1116 1532 1206 1596 eos
1230 1516 1370 1598 tanta
1391 1503 1656 1597 invndacio
1678 1534 1827 1628 aqua·

309 1646 418 1711 rum
461 1618 646 1741 irrupit.
689 1616 826 1743 quod
870 1614 971 1711 sere
1016 1619 1245 1714 omnibus
1288 1618 1536 1714 submersis
1612 1622 1721 1713 auci
1764 1628 1861 1715 ex'

311 1738 382 1829 eis
427 1737 694 1829 euaserunt.
784 1733 979 1829 Eodem
1029 1766 1165 1830 aniio
1201 1736 1322 1862 ,posi
1371 1738 1528 1865 pasca.
1640 1738 1826 1832 artinus

347 1883 440 1977 apa
469 1853 867 1950 theutunicorum
898 1852 1139 1946 inimicus.
1171 1869 1395 1947 mortuiis
1427 1852 1503 1947 eit.
1541 1856 1618 1948 cui
1649 1854 1827 1948 succes·

207 1974 215 1987 '
309 1882 365 2063 dt
394 1970 647 2064 Honorius
671 1971 781 2089 iiijui·
850 1966 1045 2062 Eodem
1087 1984 1312 2108 tempore
1356 1973 1408 2063 in
1441 1972 1635 2063 Octaua
1676 1971 1826 2063 Pasce

312 2088 446 2208 obijt.
478 2086 699 2213 magister
731 2084 1006 2180 Gotfridus.
1041 2108 1045 2117 ’
1075 2086 1330 2179 ataiiiensis
1362 2087 1444 2208 epi
1466 2116 1633 2210 copus.
1669 2116 1825 2210 quon·

309 2202 424 2297 dam
464 2206 684 2297 notarius
715 2203 925 2299 Domini
954 2202 999 2295 R
1071 2200 1170 2293 olii.
1215 2231 1532 2295 romanorum
1563 2204 1705 2328 regis.
1749 2204 1829 2295 cui
1934 2271 1940 2286 .

156 2356 159 2364 ·
309 2320 534 2415 suecessit
562 2319 815 2415 Dominus
847 2316 1164 2411 Bernhardus
1195 2318 1471 2441 Pranpech.
1508 2318 1529 2437 (
1543 2322 1827 2443 Prambacli)

250 2463 254 2469 ’
309 2434 555 2645 ΓῙεὸειηυε
595 2435 918 2529 Wiennensis.
1008 2433 1203 2529 Eodem
1243 2449 1343 2529 tem
1383 2464 1468 2528 ore
1511 2434 1619 2557 post
1656 2433 1829 2528 felium

329 2566 475 2645 aucte
520 2553 750 2646 trinitatis
792 2552 1029 2647 Zaebisch.
1081 2550 1284 2675 quidam
1352 2583 1382 2643 ii
1422 2582 1543 2643 anus
1584 2549 1827 2645 Bohemie

309 2669 613 2765 sollemniter
651 2698 801 2793 prage
840 2668 1112 2761 celebrauit
1143 2670 1347 2791 nupcias
1378 2582 1498 2759 dias.
1531 2698 1639 2759 cum
1670 2667 1829 2762 domi·

310 2814 376 2879 iia
407 2781 746 2910 Chuneguude
777 2783 950 2877 relicta
977 2783 1188 2876 Domini
1219 2782 1428 2877 Otakari
1463 2781 1720 2908 quondam
1751 2814 1828 2879 re·

344 2905 385 2996 is
434 2900 689 3009 Bohemie.
787 2900 982 2995 Eodem
1037 2930 1169 3001 anno
1225 2899 1486 2993 Dietricus.
1523 2899 1829 3026 lantgrauius

366 3018 553 3146 uringie
595 3020 811 3114 Wienne
854 3048 967 3113 cum
998 3048 1176 3142 magna
1207 3016 1533 3112 sollemnitate
1576 3017 1737 3117 Duxit
1775 3022 1831 3114 in‘

308 3140 526 3232 onrem
556 3135 827 3234 Dominam
852 3132 1150 3256 Alhaydem.
1182 3134 1329 3226 filiam
1355 3131 1653 3229 Meinhardi.
1677 3137 1830 3230 comi·

311 3257 375 3350 tis
415 3251 717 3378 Tyrolensis.
771 3251 987 3365 sororem
1039 3249 1238 3342 Ducisle
1284 3250 1468 3344 austrie.
1555 3251 1829 3346 resentibus

312 3371 553 3513 episcopis
592 3365 865 3490 frisingensi.
907 3380 961 3458 et
993 3363 1329 3459 Selikouiensi.
1373 3397 1429 3460 ae
1459 3283 1709 3461 noliilibus
1741 3372 1828 3463 mi·
1918 3411 1921 3417 ¹

310 3486 631 3586 nisterialibus
671 3481 775 3577 fere
818 3482 1004 3577 cunctis
1048 3480 1220 3575 austrie
1260 3496 1313 3574 et
1351 3481 1542 3620 Styri&
1631 3484 1829 3578 Eodem
1911 3515 1918 3533 ⁸

312 3609 446 3702 anno
485 3604 733 3697 Dominus
774 3597 1056 3694 Ruedolfus
1098 3597 1441 3694 Romanorum
1482 3631 1583 3693 rex.
1625 3601 1678 3697 in
1709 3631 1829 3726 egra

308 3723 647 3846 sollempniter
684 3717 956 3828 celebrauit
996 3719 1213 3855 nupcias·
1238 3715 1337 3809 filie
1377 3716 1458 3810 sue
1480 3747 1645 3854 ‚quam
1676 3717 1826 3814 tradi.

1106 1413 1213 1479 iues
1257 1400 1308 1481 et
1346 1387 1540 1525 pluuias
1584 1388 1826 1521 ingentes.
1977 1441 1981 1450 ·

311 3841 384 3937 dit
414 3839 515 3932 filio
547 3837 756 3930 Domini
786 3834 994 3931 Otakari
1034 3864 1115 3958 pie
1148 3830 1531 3926 recordacionis.
1609 3830 1828 3928 nondam
1961 3851 1993 3935 J

309 3960 438 4085 regis
469 3953 723 4050 Bohemie.
755 3982 903 4163 quem
934 3952 1081 4044 etiam
1112 3949 1297 4046 ibidem
1327 3951 1377 4043 in
1404 3982 1571 4076 regem
1629 3952 1828 4045 ohemie

312 4076 583 4174 eoronauit.
673 4071 752 4164 Eo
791 4099 868 4164 em
910 4098 1041 4161 anno
1069 4066 1235 4161 irater
1275 4066 1590 4161 Eberhardus
1638 4066 1827 4162 ordinis

309 4193 512 4287 fratrum
543 4185 973 4313 Augustinensium.
1005 4185 1181 4279 floruit.
1212 4184 1456 4312 generalis
1495 4185 1825 4279 et'sollemnis

345 4308 616 4418 redicator‚
647 4304 709 4397 ad
743 4305 880 4399 cuius
910 4303 1181 4396 sermonem
1214 4303 1326 4426 plus
1349 4333 1494 4426 quain
1517 4315 1716 4394 centum
1737 4303 1826 4393 ini·

310 4341 383 4520 lia
423 4426 676 4517 hominum
719 4421 1007 4516 cateruatim
1048 4419 1378 4515 confluebant.
1449 4416 1762 4511 Postmodum
1795 4448 1827 4513 a

270 4547 274 4552 ’
315 4539 525 4668 quadam
567 4541 730 4633 sorore
773 4539 1015 4632 toxicatus
1046 4534 1140 4629 fuit
1178 4563 1380 4633 veneno
1422 4549 1472 4628 et
1503 4549 1723 4628 mortuus
1756 4535 1824 4628 se·

312 4660 480 4874 Eultus
509 4659 564 4750 in
595 4655 793 4752 ecclesia
822 4655 975 4748 sancti
1004 4650 1208 4747 Stelsani
1239 4654 1366 4746 circa
1389 4652 1541 4745 altare
1574 4651 1724 4745 sancti
1748 4651 1825 4743 Io·

193 4905 200 4912 ι
351 4771 857 4905 αηιιίεΕινεηςεΙὶΙῐε.
947 4767 1142 4868 Eodem
1174 4799 1308 4867 anno
1336 4767 1443 4896 post
1471 4765 1642 4868 sellum
1673 4767 1825 4864 sancti
1964 4835 1988 4851 ,.

1614 4981 1618 4986 ,
1688 4883 1767 4980 lo·
