4717 6050
695 344 778 430 aa
892 329 896 340 ·
1013 319 1096 400 -vr
1177 287 1834 448 sc‘urrlro'vr'atr'·
1952 244 1957 255 ’

555 619 557 622 ,
590 541 594 563 “
652 541 760 624 tum
790 525 842 618 in
871 518 1156 646 episcopum
1179 515 1521 613 Patauieniem
1542 515 1839 636 sublimatur,
1885 515 1959 614 ost
1978 515 2159 623 labores

651 643 895 772 plurimos
935 651 1145 764 propter
1194 631 1444 762 quendam
1475 631 1782 730 Canonicum
1863 635 2161 760 polonieniem

643 775 774 860 tunc
806 757 1021 853 electum
1050 749 1419 850 Traiectensem
1459 782 1606 878 quem
1645 752 1837 894 legatus
1880 785 2157 880 promouere

642 875 917 979 laborabat
937 874 1089 968 Anno
1115 863 1341 968 MCCLI.
1363 883 1414 964 et
1440 869 1564 964 sedit
1580 900 1730 964 anms
1754 873 1918 997 tribus
1939 871 2155 980 menibus

643 1008 885 1121 ,quatuor
947 988 1049 1109 Qui
1083 1018 1202 1084 mox
1233 987 1448 1083 obtinuit
1478 986 1561 1080 fibi
1590 988 1808 1085 conferri
1832 984 2078 1232 repatiaa
2095 1025 2155 1088 re·

654 1143 717 1328 fle
749 1107 1000 1209 Vilhelmo
1032 1122 1153 1220 tunc
1188 1106 1242 1200 in
1273 1096 1524 1225 obsidione
1545 1102 1857 1234 Lampardiae
1906 1118 1979 1222 ita
2008 1094 2158 1235 Codex)

695 1224 954 1334 esudantis.
989 1295 992 1302 .
1022 1222 1225 1346 Quibus
1267 1221 1486 1317 obtentis
1518 1221 1649 1316 ‘licet
1692 1256 1802 1319 cum
1849 1255 2033 1342 mano
2079 1223 2157 1321 sua

643 1345 880 1476 personae
912 1342 1137 1468 periculo
1172 1355 1225 1436 et
1246 1339 1419 1434 labore
1439 1338 1782 1476 per'Sueuiam
1801 1357 1914 1438 tran
1952 1338 2160 1438 ensssoa

657 1466 807 1564 miam
840 1465 1017 1574 intrat,
1049 1457 1150 1552 dux
1180 1459 1313 1552 enim
1344 1455 1554 1551 Boianae
1587 1459 1713 1552 Otto
1735 1490 1845 1554 cum
1876 1459 2064 1580 ciuibus
2082 1459 2155 1554 P'a·

657 1579 957 1678 tauiensrbus
989 1576 1353 1713 conspiratione
1401 1575 1532 1712 tacta
1576 1592 1749 1685 contra
1789 1576 1949 1703 ipsum
1999 1591 2049 1672 et
2078 1607 2157 1715 per

653 1699 939 1812 Romanam
973 1691 1226 1790 ecclesiam
1259 1689 1342 1786 fibr
1365 1687 1606 1787 drrectum
1626 1693 1812 1789 aditum
1834 1694 1900 1790 ad
1924 1692 2151 1791 Paternum
2199 1796 2203 1808 ¹

694 1812 1005 1912 rohibebant.
1066 1809 1319 1905 Societate
1349 1809 1517 1934 itaque
1552 1825 1602 1904 et
1647 1813 1858 1906 amicitia
1894 1845 2006 1930 cum
2037 1813 2153 1906 Otta-
2196 1900 2198 1905 .

655 1849 780 2032 ἰᾶτο
815 1961 871 2027 re
904 1961 940 2023 e
963 1925 1185 2024 Boemiae
1218 1926 1341 2020 inita
1364 1957 1487 2020 cum·
1534 1926 1789 2022 uibusdam
1814 1927 2065 2040 nobilibus
2080 1926 2156 2022 Ba·

642 2049 865 2152 ‚sonibus
943 2045 1119 2144 oemiae
1152 2039 1368 2138 Buderci
1402 1957 1636 2141 viddiicet
1676 2061 1727 2140 ct
1758 2049 2042 2167 Wittecone
2080 2043 2156 2164 fra·

656 2167 814 2266 tribus
848 2163 1222 2292 contanguineis
1259 2160 1508 2256 Boioriam
1544 2164 1733 2258 intrans
1765 2166 1893 2259 circa
1927 2159 2152 2273 Patauinis

656 2289 711 2386 in
741 2313 906 2380 arcem
940 2278 1250 2406 Neunburgk
1278 2280 1327 2375 se
1357 2281 1560 2418 recipit,
1618 2279 1960 2402 Patauiensem
1998 2283 2151 2376 intrare

656 2401 939 2531 prohibitus
970 2400 1249 2514 ciuitatem,
1281 2427 1395 2490 nam
1428 2429 1563 2495 crues
1598 2429 1627 2492 a
1660 2396 1898 2493 fidelitate
1934 2413 1985 2492 ct
2024 2393 2153 2490 domi·

643 2551 727 2620 no
763 2519 897 2618 beati
927 2516 1013 2612 Ste
1053 2514 1170 2610 hani
1199 2511 1519 2631 recedentes,
1549 2517 1601 2609 in
1635 2515 1905 2630 elationem
1938 2530 1989 2610 et
2017 2515 2149 2637 iupe'rg

565 2642 571 2651 “
657 2637 791 2734 biam
820 2634 999 2764 proiap
1017 2667 1060 2747 ι,
1091 2633 1404 2772 ciuitatisque
1436 2634 1789 2759 proprietatem
1819 2665 1975 2729 none
2011 2631 2150 2754 iicopo

658 2755 740 2850 vel
782 2751 996 2866 ecclefiae
1036 2748 1120 2845 sed
1160 2750 1227 2843 im
1267 2780 1371 2847 eno
1420 2749 1763 2847 tantummodo
1812 2666 2150 2856 adscribebant,

567 2901 575 2910 ·
660 2867 785 2964 Cum
821 2885 989 2974 tamen
1022 2783 1318 2992 Amolpiius
1345 2869 1416 2962 lm
1454 2881 1618 2962 erator
1643 2881 1871 2993 tempore
1894 2861 2144 2987 Winching‘

499 3011 508 3037 ‘
661 2987 880 3125 episcopi
912 2987 1063 3081 Anno
1097 2981 1287 3081 domini
1317 2985 1383 3094 t)
1428 2981 1685 3083 CCXCIX.
1763 3017 1817 3081 er
1860 2987 1942 3081 sua
1980 2979 2148 3111 priuile-

646 3182 650 3189 .
659 3132 738 3230 gra
769 3101 875 3229 post
908 3103 1167 3211 excidium
1209 3103 1554 3202 Laureaceniis
1597 3018 1810 3199 eccleiiae
1850 3102 2148 3199 donationem

660 3252 809 3347 quam
839 3220 996 3317 Odilo
1040 3237 1091 3315 et
1134 3218 1262 3317 filius
1311 3224 1421 3317 eius
1461 3218 1646 3317 Tassilo
1692 3221 1842 3320 duces
1885 3220 2175 3317 Boiarorunr'

661 3337 877 3435 ecciefiae
903 3340 1053 3433 sancti
1084 3336 1333 3465 Stephani
1349 3338 1597 3453 fecerant,
1628 3340 2018 3435 confirmauerat.
2039 3332 2144 3427 Tan·

610 3548 616 3555 .
659 3454 773 3551 dem
802 3455 1108 3552 Bertholdns
1140 3459 1385 3583 corruptis
1421 3452 1713 3583 quibusdam
1758 3460 1951 3553 ciuibus
1982 3444 2141 3581 promit·

656 3572 873 3670 rombus
892 3572 1117 3689 diuersis,
1138 3590 1191 3669 et
1219 3577 1431 3688 maxime
1462 3569 1625 3696 officijs
1649 3574 1887 3693 eccleisa,
1919 3561 2144 3699 quasmui·

657 3694 744 3785 tis,
768 3694 917 3786 annia·
964 3708 1333 3831 occupauerant
1377 3707 1429 3787 et
1469 3688 1795 3787 intendebant
1838 3694 1892 3788 in
1936 3684 2139 3819 poderun

659 3832 916 3933 occupare.
989 3808 1253 3910 Ciu1tatenr
1299 3814 1450 3905 intrat
1492 3813 1544 3903 in
1587 3806 1668 3903 die
1714 3809 2008 3907 Sanctorum
2049 3800 2142 3897 Pro·

524 4050 529 4057 1
658 3926 733 4020 thi
765 3943 816 4022 et
858 3926 1032 4023 Iaeinti
1072 3930 1231 4023 Amro
1269 3927 1463 4021 domini
1502 3925 1726 4025 MCCLI.
1777 3960 1834 4022 ac
1887 3919 2174 4046 subsequen*

631 4056 707 4139 ,te
740 4042 997 4139 mediante·
1030 4043 1238 4139 domino
1271 4043 1675 4170 Ratisponensre
1714 4045 1909 4174 iscopo,
1948 4045 2025 4169 qui
2054 4056 2137 4127 cunr

654 4157 815 4255 tratre
835 4162 1021 4259 carnali
1055 4160 1248 4257 domini
1296 4163 1449 4259 electi-
1476 4078 1798 4288 perionaiiter
1844 4168 1898 4260 in
1942 4154 2137 4277 auxilium

654 4294 860 4371 uenerat
896 4279 1155 4377 occasione
1199 4278 1457 4375 cuiusdam
1497 4281 1633 4405 pacti
1671 4278 1777 4385 duo-
1819 4279 1965 4375 castra
2001 4270 2136 4398 Sancb

528 4518 531 4527 1
657 4390 866 4534 Georgii
896 4413 951 4494 et
980 4398 1114 4493 Orth·
1148 4396 1435 4523 (inquibus
1468 4395 1724 4523 depositus
1747 4400 1999 4524 episcopus
2027 4386 2145 4481 dunt

653 4508 873 4648 Boianae
897 4514 1147 4611 adiutorio
1175 4515 1224 4623 se
1257 4517 1471 4643 recepit)
1494 4531 1672 4640 praeter
1695 4546 1892 4612 omnem
1929 4516 2050 4639 spem
2076 4522 2133 4589 ac·

486 4703 490 4711 ,
653 4628 859 4759 putruit.
879 4631 1199 4739 ordinatione
1227 4632 1400 4736 diuina
1431 4636 1607 4764 potius.
1627 4664 1776 4763 quam
1794 4634 2013 4841 humapa.
2030 4612 2130 4861 geon
