4717 6050
1195 217 1225 263 Ι

621 406 761 503 em*
1136 394 1635 508 morirer¹

126 697 144 715 ,,
307 578 310 581 ’
484 644 489 649 ·
640 570 872 699 ,Anno
898 600 1105 703 Domini
1127 600 1396 699 M⁹.cc.xcv.
1437 587 1716 701 Dominica.
1739 585 1956 701 secunda·
1983 593 2088 731 poi
2193 706 2200 719 ,

571 722 762 848 pascha.
806 725 1116 821 consecratus
1156 718 1222 813 et
1263 719 1442 815 chorus
1483 721 1536 813 in
1566 722 1730 823 saneta
1764 720 1933 818 Cruce.
1975 754 2086 823 eunt

572 838 811 933 altaribus
843 838 1271 937 circumstantibus,
1304 851 1356 932 et
1385 836 1578 977 capella
1607 837 1921 934 infirmorum.
1953 872 2085 935 ave·

565 954 874 1051 ¹trembilibus
895 954 1210 1054 Wernhardo
1230 953 1566 1069 Sekkoure-nie
1588 986 1616 1049 e
1654 956 1841 1081 iscopis.
1865 957 2085 1082 adquam

568 1075 1002 1171 'consecracitinem
1031 1091 1196 1170 tantus
1226 1074 1465 1174 conuenit
1485 986 1713 1210 popuius.
1746 1089 1799 1165 ut
1820 1077 2086 1169 noniolum

571 1203 734 1283 totum
767 1190 1018 1285 claustrum
1051 1190 1133 1286 sed
1169 1204 1222 1284 et
1251 1204 1426 1283 nemu‘s
1458 1219 1837 1315 circumquaque
1876 1222 1966 1315 per
1996 1194 2086 1284 Di·

571 1305 777 1399 midium
806 1308 994 1407 miliare
1024 1322 1308 1429 occuparet.
1348 1305 1514 1401 Patuit
1528 1307 1673 1400 etiem
1687 1308 1917 1401 introitus
1931 1311 2084 1401 omni<

571 1424 663 1517 bus
695 1425 1164 1547 superuenientibus.
1208 1437 1311 1517 tam
1341 1422 1455 1516 viris
1487 1455 1633 1550 quam
1667 1419 1966 1517 mulieribus.
1997 1452 2084 1550 per
2185 1470 2188 1473 >

393 1610 397 1617 ,
571 1571 749 1635 ‘omnes
779 1542 999 1637 officinas
1024 1542 1222 1637 claustri.
1249 1570 1340 1663 per
1361 1554 1516 1634 totam
1539 1556 1765 1635 octauam
1788 1539 2084 1636 Dedicacio·

571 1662 663 1796 nis.
723 1658 916 1797 Eodem
943 1662 1174 1797 tempore
1207 1672 1346 1752 tanta
1381 1656 1474 1751 fuit
1505 1656 1755 1795 austerites
1791 1656 1998 1797 trigorie.
2030 1674 2082 1755 ut
2124 1685 2129 1697 ·

570 1806 658 1870 mx
682 1790 732 1871 et
792 1777 925 1870 luura
948 1780 1187 1901 plunmos
1214 1777 1438 1870 facerent
1456 1774 1686 1869 Deficere
1719 1805 1769 1867 m
1794 1775 1863 1868 1b1
1886 1790 2081 1868 vemen-

571 1910 662 1986 tes.
777 1891 924 1987 odem
947 1904 1093 1990 anno.
1115 1893 1249 2012 obijt.
1272 1890 1502 2017 Magister
1523 1889 1783 1985 Gotfridus
1802 1891 2080 1986 Prothono·

571 2001 737 2103 tarius'.
770 2010 964 2104 Alberti
995 2010 1152 2105 Ducis
1176 2006 1361 2108 austrie.
1387 2006 1509 2104 feria
1530 2008 1742 2103 secunda
1764 2009 1816 2100 in
1839 2008 2081 2105 Penteco·
2255 1990 2263 1996 ”

570 2126 674 2227 lies.
699 2127 1010 2221 P'atauienfis.
1037 2124 1426 2225 Wormaeieniis.
1446 2124 1744 2226 canonicus.
1769 2127 2082 2247 Wiemre.„in

468 2278 471 2285 ’
569 2243 874 2338 Mistelbach.
926 2244 1271 2339 Herrantstain.
1314 2242 1377 2335 ad
1414 2242 1648 2344 Sanctum
1693 2240 1988 2339 Vdalricum.
2030 2248 2081 2339 in

569 2391 704 2457 noua
737 2362 949 2456 ciuitate.
982 2360 1236 2488 plebanus.
1264 2358 1452 2455 ordinis
1482 2360 1756 2455 acolitatus.
1788 2376 1840 2455 et
1867 2360 2080 2485 sepultus

572 2479 638 2575 est
661 2481 713 2571 in
737 2480 954 2603 capitulo
976 2478 1041 2572 ad
1066 2480 1277 2573 sanctam
1299 2508 1505 2572 erucem.
1579 2478 1790 2586 ¹Eodem
1813 2507 1959 2572 anno.
1982 2508 2079 2573 ma·

571 2596 711 2719 gister
739 2595 950 2689 Penczo.
974 2596 1279 2695 secretarius
1301 2593 1496 2688 Alberti
1517 2594 1677 2689 Ducis
1702 2591 1886 2689 austrie.
1916 2595 2079 2689 conse·
2142 2616 2146 2623 “

399 2784 401 2787 -
505 2760 508 2765 ’
571 2727 734 2807 eratus
758 2710 897 2804 estin
917 2712 1147 2806 abbatem
1172 2712 1333 2805 sancte
1359 2713 1527 2807 crucis.
1606 2709 1799 2806 Eodem
1823 2727 2079 2805 anno‘tan·
2160 2776 2164 2781 -

514 2829 525 2846 '
570 2846 620 2925 ta
645 2828 927 2953 pestilencia
947 2832 999 2923 in
1023 2828 1207 2957 Apulia
1229 2842 1282 2922 et
1302 2858 1393 3038 Yet
1415 2842 1568 2922 totam
1584 2827 1929 2954 Lamperdiam
1950 2827 2079 2925 facta

569 2945 649 3041 est.
681 2961 736 3039 ut
758 2948 808 3039 in
831 2948 969 3040 curia¹
986 2946 1209 3041 Romana
1230 2976 1311 3039 mu
1334 2946 1370 3038 ti
1394 2946 1610 3073 episcopi
1631 2962 1682 3041 et
1702 2946 1879 3074 prelati
1898 2948 2077 3042 mortui
2100 2961 2103 2965 ’

569 3067 800 3158 iacerent.
835 3079 887 3159 et
914 3066 1110 3159 carulus
1144 3065 1403 3163 marcellus
1423 3065 1455 3186 -(
1467 3067 1752 3278 Martellusg
1776 3096 1864 3159 rex
1891 3063 1926 3158 S
1967 3066 2077 3164 cilio

568 3197 622 3276 et
655 3182 881 3308 Vngarie.
912 3183 1023 3276 Vna
1058 3214 1168 3278 cum
1199 3213 1352 3278 vxore
1387 3185 1467 3278 sua
1507 3183 1673 3278 sorore
1755 3182 1900 3281 iberti
1976 3185 2077 3277 ucis

27 3373 31 3380 .
283 3297 289 3308 '
456 3341 503 3352 Δ·
568 3296 752 3392 austrie.
788 3298 927 3393 infra.
962 3301 1074 3421 xiiij.
1109 3299 1216 3394 dies
1249 3314 1471 3399 mortuus
1506 3301 1632 3396 eiiet
1721 3298 1916 3394 Eodem
1946 3328 2077 3396 anno

566 3430 706 3509 tanta
737 3415 1005 3526 invndacio
1042 3449 1276 3544 aquarum
1310 3417 1441 3513 saeta
1472 3416 1549 3511 eii
1603 3431 1659 3511 ut
1697 3447 1825 3543 aqua
1863 3419 2078 3512 Wienne

330 3527 333 3532 ’
456 3597 458 3602 -
565 3527 820 3657 HospitaIe
846 3536 1039 3628 ciuium.
1073 3549 1124 3628 et
1148 3534 1339 3634 fontem
1369 3552 1483 3629 ante
1508 3535 1763 3658 Hospitale
1787 3534 1923 3628 situm
1947 3541 2076 3628 tram

566 3649 821 3744 scenderet
850 3652 927 3744 Ita
955 3666 1009 3746 ut
1036 3649 1215 3746 infirmi
1245 3655 1297 3746 in
1328 3653 1523 3746 lectulis
1550 3667 1721 3750 natare
1752 3666 1804 3745 et
1828 3652 1910 3746 vix
1940 3650 2076 3746 ausu·

565 3799 682 3894 gere
706 3767 1002 3863 viderentur.
1047 3770 1111 3864 Et
1132 3770 1265 3862 riuus
1284 3803 1305 3862 r
1322 3773 1372 3862 ui
1386 3768 1655 3892 &melpach
1668 3768 1876 3862 Dicitur.
1898 3768 1961 3862 ad
1975 3769 2075 3862 ian·

566 3901 695 3979 etam
728 3916 924 3982 crucem
957 3916 1047 4009 per
1082 3899 1242 3979 totum
1269 3919 1302 3984 c⁸
1320 3886 1548 3979 austrum·
1578 3899 1648 3978 et·
1668 3899 1782 3979 ante
1816 3885 2073 3984 librariam

430 4101 433 4106 ,
564 4001 801 4126 usquead
826 3999 1029 4129 gradum
1055 4004 1254 4098 ecclefie
1275 4005 1488 4098 intrauit.
1579 3999 1772 4096 Eodem
1787 4032 1932 4097 ann0.
1948 4005 2077 4098 cirea

564 4122 874 4215 natiuitatem
896 4119 1041 4216 beate
1068 4121 1295 4246 Virginis.
1316 4136 1482 4214 tantus
1503 4117 1597 4216 fuit
1620 4133 1797 4220 ventus
1819 4123 1870 4214 in
1893 4117 2074 4216 adstrie.

434 4327 436 4332 ,
563 4256 620 4334 vt
652 4269 844 4333 crucem
877 4238 958 4332 De
985 4237 1158 4331 smistra
1184 4243 1305 4332 turri
1331 4237 1396 4337 ed
1423 4240 1636 4342 sanctum
1659 4236 1752 4330 Ste·
1784 4237 1965 4330 henum
1998 4267 2076 4333 eo·

397 4431 402 4442 .
562 4355 707 4451 eleire
732 4356 1060 4450 Barrechialis
1083 4356 1132 4447 in
1160 4357 1374 4458 Wienna
1398 4355 1649 4448 Deiceret.
1766 4352 1910 4447 odem
1926 4384 2072 4452 ann0.

565 4487 860 4568 terremotus
880 4471 1038 4568 factus
1064 4472 1128 4565 est
1149 4472 1303 4569 tribus
1323 4473 1511 4566 vicibus
1537 4473 1587 4562 in
1610 4471 1710 4562 Die
1730 4473 1878 4564 sancti
1897 4467 2076 4574 Ciriaei

453 4694 464 4720 κ
564 4592 808 4717 martyris.
897 4591 1088 4686 Eodem
1107 4621 1238 4685 anno
1261 4591 1495 4686 Albertus
1517 4588 1635 4680 Dux
1654 4586 1821 4681 austrie
1842 4603 1892 4681 et
1911 4583 2071 4685 Stirie.
2174 4691 2180 4698 ,

465 4809 467 4813 ,
563 4707 713 4842 filiam
738 4704 868 4800 suam
892 4710 1144 4806 seniorem.
1176 4706 1338 4813 Dedit
1364 4705 1649 4847 Merehieui
1679 4705 1762 4807 De
1785 4703 2072 4845 Praanrch

1958 4854 2013 4936 m
