<?xml version="1.0" encoding="UTF-8"?>
<!DOCTYPE html PUBLIC "-//W3C//DTD XHTML 1.0 Transitional//EN"
    "http://www.w3.org/TR/xhtml1/DTD/xhtml1-transitional.dtd">
<html xmlns="http://www.w3.org/1999/xhtml" xml:lang="en" lang="en">
 <head>
  <title>
</title>
<meta http-equiv="Content-Type" content="text/html;charset=utf-8" />
  <meta name='ocr-system' content='tesseract 3.04.00' />
  <meta name='ocr-capabilities' content='ocr_page ocr_carea ocr_par ocr_line ocrx_word'/>
</head>
<body>
  <div class='ocr_page' id='page_1' title='image "./rerumavstriacar00raucgoog_0450.png"; bbox 0 0 4717 6050; ppageno 0'>
   <div class='ocr_carea' id='block_1_1' title="bbox 32 1575 1684 1705">
    <p class='ocr_par' dir='ltr' id='par_1_1' title="bbox 32 1575 1684 1705">
     <span class='ocr_line' id='line_1_1' title="bbox 32 1575 1684 1705; baseline -0.004 -29"><span class='ocrx_word' id='word_1_1' title='bbox 32 1612 33 1637; x_wconf 56' lang='lat'>¹</span> <span class='ocrx_word' id='word_1_2' title='bbox 89 1648 93 1657; x_wconf 87' lang='lat'>-</span> <span class='ocrx_word' id='word_1_3' title='bbox 272 1577 472 1705; x_wconf 75' lang='lat' dir='ltr'>legiensi</span> <span class='ocrx_word' id='word_1_4' title='bbox 484 1646 505 1693; x_wconf 80' lang='lat'>,.</span> <span class='ocrx_word' id='word_1_5' title='bbox 528 1576 848 1691; x_wconf 72' lang='lat' dir='ltr'>Rauennate,</span> <span class='ocrx_word' id='word_1_6' title='bbox 886 1575 1276 1691; x_wconf 84' lang='lat' dir='ltr'>Beneuentana,</span> <span class='ocrx_word' id='word_1_7' title='bbox 1315 1576 1564 1671; x_wconf 85' lang='lat' dir='ltr'>Emiliensi</span> <span class='ocrx_word' id='word_1_8' title='bbox 1593 1576 1684 1681; x_wconf 80' lang='lat' dir='ltr'>M‘e</span> 
     </span>
    </p>
   </div>
   <div class='ocr_carea' id='block_1_2' title="bbox 507 369 1995 573">
    <p class='ocr_par' dir='ltr' id='par_1_2' title="bbox 507 369 1995 573">
     <span class='ocr_line' id='line_1_2' title="bbox 507 369 1995 573; baseline -0.001 -53"><span class='ocrx_word' id='word_1_9' title='bbox 507 378 1514 519; x_wconf 68' lang='lat' dir='ltr'>·ne1scon1raran⁵</span> <span class='ocrx_word' id='word_1_10' title='bbox 1656 432 1824 573; x_wconf 62' lang='lat'>⁴⁰:</span> <span class='ocrx_word' id='word_1_11' title='bbox 1990 369 1995 377; x_wconf 35' lang='lat'>⁵</span> 
     </span>
    </p>
   </div>
   <div class='ocr_carea' id='block_1_3' title="bbox 153 628 2009 1938">
    <p class='ocr_par' dir='ltr' id='par_1_3' title="bbox 153 628 1907 1090">
     <span class='ocr_line' id='line_1_3' title="bbox 315 628 1899 767; baseline -0.004 -26"><span class='ocrx_word' id='word_1_12' title='bbox 315 654 418 742; x_wconf 84' lang='lat' dir='ltr'>atre</span> <span class='ocrx_word' id='word_1_13' title='bbox 462 643 485 767; x_wconf 86' lang='grc'>(</span> <span class='ocrx_word' id='word_1_14' title='bbox 495 662 543 739; x_wconf 82' lang='lat' dir='ltr'>ot</span> <span class='ocrx_word' id='word_1_15' title='bbox 566 645 797 765; x_wconf 79' lang='lat' dir='ltr'>ereditur)</span> <span class='ocrx_word' id='word_1_16' title='bbox 837 638 1181 746; x_wconf 83' lang='lat' dir='ltr'>Laureaeensis</span> <span class='ocrx_word' id='word_1_17' title='bbox 1203 628 1481 764; x_wconf 85' lang='lat' dir='ltr'>surrogatur</span> <span class='ocrx_word' id='word_1_18' title='bbox 1504 638 1795 765; x_wconf 81' lang='lat' dir='ltr'>episcopus,</span> <span class='ocrx_word' id='word_1_19' title='bbox 1893 664 1899 671; x_wconf 82' lang='lat'><strong>·</strong></span> 
     </span>
     <span class='ocr_line' id='line_1_4' title="bbox 153 668 1789 889; baseline -0.006 -27"><span class='ocrx_word' id='word_1_20' title='bbox 153 778 155 783; x_wconf 82' lang='grc'><strong>’</strong></span> <span class='ocrx_word' id='word_1_21' title='bbox 276 668 527 889; x_wconf 62' lang='lat' dir='ltr'>hunitpre</span> <span class='ocrx_word' id='word_1_22' title='bbox 559 790 669 855; x_wconf 92' lang='lat' dir='ltr'>cum</span> <span class='ocrx_word' id='word_1_23' title='bbox 693 758 795 855; x_wconf 90' lang='lat' dir='ltr'>silio</span> <span class='ocrx_word' id='word_1_24' title='bbox 819 759 1016 855; x_wconf 85' lang='lat' dir='ltr'>Iuniore</span> <span class='ocrx_word' id='word_1_25' title='bbox 1039 755 1275 883; x_wconf 82' lang='lat' dir='ltr'>Phiiippo</span> <span class='ocrx_word' id='word_1_26' title='bbox 1305 756 1516 850; x_wconf 83' lang='lat' dir='ltr'><strong>Romam</strong></span> <span class='ocrx_word' id='word_1_27' title='bbox 1547 757 1789 853; x_wconf 79' lang='lat' dir='ltr'>tenderet</span> 
     </span>
     <span class='ocr_line' id='line_1_5' title="bbox 396 870 1907 1090; baseline -0.003 -117"><span class='ocrx_word' id='word_1_28' title='bbox 396 878 633 1090; x_wconf 39' lang='lat' dir='ltr'>guitinus</span> <span class='ocrx_word' id='word_1_29' title='bbox 675 877 825 1003; x_wconf 85' lang='lat' dir='ltr'>igitur</span> <span class='ocrx_word' id='word_1_30' title='bbox 857 874 1097 1001; x_wconf 87' lang='lat' dir='ltr'>progenie</span> <span class='ocrx_word' id='word_1_31' title='bbox 1133 870 1436 968; x_wconf 83' lang='lat' dir='ltr'>sereniffima.</span> <span class='ocrx_word' id='word_1_32' title='bbox 1481 872 1564 969; x_wconf 91' lang='lat' dir='ltr'>sed</span> <span class='ocrx_word' id='word_1_33' title='bbox 1597 882 1791 969; x_wconf 90' lang='lat' dir='ltr'>morum</span> <span class='ocrx_word' id='word_1_34' title='bbox 1902 893 1907 903; x_wconf 80' lang='lat'><strong><em>‘</em></strong></span> 
     </span>
    </p>

    <p class='ocr_par' dir='ltr' id='par_1_4' title="bbox 171 991 1837 1226">
     <span class='ocr_line' id='line_1_6' title="bbox 171 991 1837 1119; baseline -0.006 -22"><span class='ocrx_word' id='word_1_35' title='bbox 171 1104 182 1119; x_wconf 56' lang='grc'>,</span> <span class='ocrx_word' id='word_1_36' title='bbox 277 998 412 1097; x_wconf 91' lang='lat' dir='ltr'>hone</span> <span class='ocrx_word' id='word_1_37' title='bbox 450 1009 529 1089; x_wconf 89' lang='lat' dir='ltr'>ate</span> <span class='ocrx_word' id='word_1_38' title='bbox 562 1009 614 1091; x_wconf 89' lang='lat' dir='ltr'>et</span> <span class='ocrx_word' id='word_1_39' title='bbox 645 996 764 1092; x_wconf 84' lang='lat' dir='ltr'>vitae</span> <span class='ocrx_word' id='word_1_40' title='bbox 791 993 1043 1088; x_wconf 81' lang='lat' dir='ltr'>sanctitate</span> <span class='ocrx_word' id='word_1_41' title='bbox 1074 991 1316 1103; x_wconf 85' lang='lat' dir='ltr'>nobilior,</span> <span class='ocrx_word' id='word_1_42' title='bbox 1344 1004 1664 1114; x_wconf 87' lang='lat' dir='ltr'>paternorum</span> <span class='ocrx_word' id='word_1_43' title='bbox 1685 1022 1788 1087; x_wconf 89' lang='lat' dir='ltr'>mo·</span> <span class='ocrx_word' id='word_1_44' title='bbox 1828 1014 1837 1112; x_wconf 68' lang='grc' dir='ltr'>ᾖ</span> 
     </span>
     <span class='ocr_line' id='line_1_7' title="bbox 273 1107 1791 1226; baseline -0.004 -17"><span class='ocrx_word' id='word_1_45' title='bbox 273 1143 385 1209; x_wconf 85' lang='lat' dir='ltr'>rum</span> <span class='ocrx_word' id='word_1_46' title='bbox 407 1114 647 1226; x_wconf 80' lang='lat' dir='ltr'>imitator,</span> <span class='ocrx_word' id='word_1_47' title='bbox 676 1109 855 1205; x_wconf 84' lang='lat' dir='ltr'>ianctae</span> <span class='ocrx_word' id='word_1_48' title='bbox 879 1108 1224 1204; x_wconf 86' lang='lat' dir='ltr'>Laureacenhs</span> <span class='ocrx_word' id='word_1_49' title='bbox 1245 1107 1457 1201; x_wconf 78' lang='lat' dir='ltr'>ecelesiae</span> <span class='ocrx_word' id='word_1_50' title='bbox 1479 1107 1609 1201; x_wconf 86' lang='lat' dir='ltr'>susce</span> <span class='ocrx_word' id='word_1_51' title='bbox 1646 1109 1685 1201; x_wconf 91' lang='lat' dir='ltr'>it</span> <span class='ocrx_word' id='word_1_52' title='bbox 1704 1107 1791 1204; x_wconf 89' lang='lat' dir='ltr'>ha·</span> 
     </span>
    </p>

    <p class='ocr_par' dir='ltr' id='par_1_5' title="bbox 276 1139 1850 1357">
     <span class='ocr_line' id='line_1_8' title="bbox 276 1139 1850 1357; baseline -0.003 -32"><span class='ocrx_word' id='word_1_53' title='bbox 276 1228 432 1325; x_wconf 80' lang='lat' dir='ltr'>benaa</span> <span class='ocrx_word' id='word_1_54' title='bbox 455 1243 508 1323; x_wconf 89' lang='lat' dir='ltr'>et</span> <span class='ocrx_word' id='word_1_55' title='bbox 528 1226 888 1357; x_wconf 84' lang='lat' dir='ltr'>gubernacula,</span> <span class='ocrx_word' id='word_1_56' title='bbox 954 1256 1036 1323; x_wconf 76' lang='lat' dir='ltr'>uae</span> <span class='ocrx_word' id='word_1_57' title='bbox 1050 1225 1185 1319; x_wconf 91' lang='lat' dir='ltr'>s1mul</span> <span class='ocrx_word' id='word_1_58' title='bbox 1205 1254 1317 1319; x_wconf 93' lang='lat' dir='ltr'>cum</span> <span class='ocrx_word' id='word_1_59' title='bbox 1339 1225 1444 1345; x_wconf 83' lang='lat' dir='ltr'>alijs</span> <span class='ocrx_word' id='word_1_60' title='bbox 1467 1139 1676 1346; x_wconf 64' lang='lat' dir='ltr'>ecclehis</span> <span class='ocrx_word' id='word_1_61' title='bbox 1698 1255 1792 1348; x_wconf 86' lang='lat' dir='ltr'>per</span> <span class='ocrx_word' id='word_1_62' title='bbox 1847 1239 1850 1246; x_wconf 87' lang='lat'>&#39;</span> 
     </span>
    </p>

    <p class='ocr_par' dir='ltr' id='par_1_6' title="bbox 272 1258 2009 1938">
     <span class='ocr_line' id='line_1_9' title="bbox 274 1258 2009 1483; baseline -0.004 -40"><span class='ocrx_word' id='word_1_63' title='bbox 274 1343 410 1443; x_wconf 85' lang='lat' dir='ltr'>beati</span> <span class='ocrx_word' id='word_1_64' title='bbox 438 1344 575 1439; x_wconf 87' lang='lat' dir='ltr'>Petri</span> <span class='ocrx_word' id='word_1_65' title='bbox 609 1343 873 1483; x_wconf 81' lang='lat' dir='ltr'>discipulos</span> <span class='ocrx_word' id='word_1_66' title='bbox 910 1258 1044 1455; x_wconf 69' lang='lat' dir='ltr'>ibunt</span> <span class='ocrx_word' id='word_1_67' title='bbox 1078 1354 1271 1467; x_wconf 89' lang='lat' dir='ltr'>patrem</span> <span class='ocrx_word' id='word_1_68' title='bbox 1300 1370 1398 1433; x_wconf 89' lang='lat' dir='ltr'>vna</span> <span class='ocrx_word' id='word_1_69' title='bbox 1420 1372 1532 1461; x_wconf 86' lang='lat' dir='ltr'>cum</span> <span class='ocrx_word' id='word_1_70' title='bbox 1554 1339 1791 1437; x_wconf 89' lang='lat' dir='ltr'>termino·</span> <span class='ocrx_word' id='word_1_71' title='bbox 1831 1400 1834 1405; x_wconf 91' lang='lat'><em>·</em></span> <span class='ocrx_word' id='word_1_72' title='bbox 2006 1364 2009 1371; x_wconf 85' lang='grc'><strong><em>·</em></strong></span> 
     </span>
     <span class='ocr_line' id='line_1_10' title="bbox 272 1456 1791 1671; baseline -0.015 -112"><span class='ocrx_word' id='word_1_73' title='bbox 272 1491 383 1559; x_wconf 87' lang='lat' dir='ltr'>rum</span> <span class='ocrx_word' id='word_1_74' title='bbox 411 1464 604 1556; x_wconf 80' lang='lat' dir='ltr'>suorum</span> <span class='ocrx_word' id='word_1_75' title='bbox 637 1458 944 1565; x_wconf 76' lang='lat' dir='ltr'>distinctione</span> <span class='ocrx_word' id='word_1_76' title='bbox 977 1458 1208 1585; x_wconf 79' lang='lat' dir='ltr'>suscepit,</span> <span class='ocrx_word' id='word_1_77' title='bbox 1238 1456 1474 1553; x_wconf 87' lang='lat' dir='ltr'>videlicet</span> <span class='ocrx_word' id='word_1_78' title='bbox 1504 1488 1613 1554; x_wconf 90' lang='lat' dir='ltr'>cum</span> <span class='ocrx_word' id='word_1_79' title='bbox 1640 1462 1791 1671; x_wconf 54' lang='lat' dir='ltr'>Appi.</span> 
     </span>
     <span class='ocr_line' id='line_1_11' title="bbox 1721 1608 1794 1671; baseline 0 0"><span class='ocrx_word' id='word_1_80' title='bbox 1721 1608 1794 1671; x_wconf 87' lang='lat' dir='ltr'>ro·</span> 
     </span>
     <span class='ocr_line' id='line_1_12' title="bbox 272 1684 1792 1820; baseline 0 -29"><span class='ocrx_word' id='word_1_81' title='bbox 272 1692 484 1810; x_wconf 76' lang='lat' dir='ltr'>ienensi,</span> <span class='ocrx_word' id='word_1_82' title='bbox 509 1696 559 1789; x_wconf 94' lang='lat' dir='ltr'>in</span> <span class='ocrx_word' id='word_1_83' title='bbox 585 1693 762 1789; x_wconf 80' lang='lat' dir='ltr'>Galliis</span> <span class='ocrx_word' id='word_1_84' title='bbox 791 1684 912 1789; x_wconf 86' lang='lat' dir='ltr'>vero</span> <span class='ocrx_word' id='word_1_85' title='bbox 937 1692 1257 1810; x_wconf 78' lang='lat' dir='ltr'>Treuerensr,</span> <span class='ocrx_word' id='word_1_86' title='bbox 1395 1695 1444 1820; x_wconf 86' lang='lat' dir='ltr'>&#39;p</span> <span class='ocrx_word' id='word_1_87' title='bbox 1480 1693 1655 1809; x_wconf 89' lang='lat' dir='ltr'>inensi,</span> <span class='ocrx_word' id='word_1_88' title='bbox 1679 1696 1792 1791; x_wconf 86' lang='lat' dir='ltr'>Mo·</span> 
     </span>
     <span class='ocr_line' id='line_1_13' title="bbox 273 1725 1827 1938; baseline -0.003 -33"><span class='ocrx_word' id='word_1_89' title='bbox 273 1811 576 1938; x_wconf 79' lang='lat' dir='ltr'>goniinensr,</span> <span class='ocrx_word' id='word_1_90' title='bbox 609 1810 979 1925; x_wconf 86' lang='lat' dir='ltr'>Wormatienss,</span> <span class='ocrx_word' id='word_1_91' title='bbox 1010 1811 1292 1925; x_wconf 85' lang='lat' dir='ltr'>Bisontina,</span> <span class='ocrx_word' id='word_1_92' title='bbox 1369 1725 1666 1936; x_wconf 70' lang='lat' dir='ltr'>ugdhnenfi,</span> <span class='ocrx_word' id='word_1_93' title='bbox 1693 1811 1827 1906; x_wconf 64' lang='lat' dir='ltr'>Re„</span> 
     </span>
    </p>
   </div>
   <div class='ocr_carea' id='block_1_4' title="bbox 118 1926 1792 2065">
    <p class='ocr_par' dir='ltr' id='par_1_7' title="bbox 118 1926 1792 2065">
     <span class='ocr_line' id='line_1_14' title="bbox 118 1926 1792 2065; baseline -0.001 -40"><span class='ocrx_word' id='word_1_94' title='bbox 118 1959 120 1964; x_wconf 91' lang='grc'><strong><em>·</em></strong></span> <span class='ocrx_word' id='word_1_95' title='bbox 269 1930 471 2044; x_wconf 87' lang='lat' dir='ltr'>mense,</span> <span class='ocrx_word' id='word_1_96' title='bbox 508 1928 824 2043; x_wconf 72' lang='lat' dir='ltr'>senonense,</span> <span class='ocrx_word' id='word_1_97' title='bbox 863 1926 1293 2065; x_wconf 80' lang='lat' dir='ltr'>Rothomagense,</span> <span class='ocrx_word' id='word_1_98' title='bbox 1322 1928 1679 2041; x_wconf 88' lang='lat' dir='ltr'>Thuronense,</span> <span class='ocrx_word' id='word_1_99' title='bbox 1709 1927 1792 2023; x_wconf 92' lang='lat' dir='ltr'>Bi·</span> 
     </span>
    </p>
   </div>
   <div class='ocr_carea' id='block_1_5' title="bbox 263 2043 1793 2395">
    <p class='ocr_par' dir='ltr' id='par_1_8' title="bbox 263 2043 1793 2395">
     <span class='ocr_line' id='line_1_15' title="bbox 272 2043 1792 2163; baseline 0 -25"><span class='ocrx_word' id='word_1_100' title='bbox 272 2046 553 2163; x_wconf 83' lang='lat' dir='ltr'>turicense,</span> <span class='ocrx_word' id='word_1_101' title='bbox 600 2044 771 2141; x_wconf 90' lang='lat' dir='ltr'>Burde</span> <span class='ocrx_word' id='word_1_102' title='bbox 804 2044 1032 2159; x_wconf 79' lang='lat' dir='ltr'>alsense,</span> <span class='ocrx_word' id='word_1_103' title='bbox 1076 2044 1390 2158; x_wconf 82' lang='lat' dir='ltr'>Viennense,</span> <span class='ocrx_word' id='word_1_104' title='bbox 1440 2043 1792 2163; x_wconf 86' lang='lat' dir='ltr'>Braccarens&#39;e,</span> 
     </span>
     <span class='ocr_line' id='line_1_16' title="bbox 263 2074 1791 2373; baseline -0.003 -112"><span class='ocrx_word' id='word_1_105' title='bbox 263 2160 587 2301; x_wconf 82' lang='lat' dir='ltr'>Arelatense,</span> <span class='ocrx_word' id='word_1_106' title='bbox 630 2192 741 2373; x_wconf 61' lang='lat' dir='ltr'>puae</span> <span class='ocrx_word' id='word_1_107' title='bbox 771 2074 921 2302; x_wconf 67' lang='lat' dir='ltr'>hmul</span> <span class='ocrx_word' id='word_1_108' title='bbox 956 2159 1020 2255; x_wconf 92' lang='lat' dir='ltr'>ab</span> <span class='ocrx_word' id='word_1_109' title='bbox 1055 2158 1286 2298; x_wconf 77' lang='lat' dir='ltr'>apostolis</span> <span class='ocrx_word' id='word_1_110' title='bbox 1330 2158 1555 2257; x_wconf 82' lang='lat' dir='ltr'>instinctu</span> <span class='ocrx_word' id='word_1_111' title='bbox 1571 2277 1582 2297; x_wconf 29' lang='grc'><strong><em>0</em></strong></span> <span class='ocrx_word' id='word_1_112' title='bbox 1597 2159 1791 2299; x_wconf 86' lang='lat' dir='ltr'>spiritus</span> 
     </span>
     <span class='ocr_line' id='line_1_17' title="bbox 269 2274 1793 2395; baseline 0.001 -24"><span class='ocrx_word' id='word_1_113' title='bbox 269 2277 426 2373; x_wconf 77' lang='lat' dir='ltr'>sancti</span> <span class='ocrx_word' id='word_1_114' title='bbox 451 2295 514 2375; x_wconf 86' lang='lat' dir='ltr'>-vt</span> <span class='ocrx_word' id='word_1_115' title='bbox 536 2310 632 2395; x_wconf 85' lang='lat' dir='ltr'>con</span> <span class='ocrx_word' id='word_1_116' title='bbox 657 2276 755 2373; x_wconf 81' lang='lat' dir='ltr'>usto</span> <span class='ocrx_word' id='word_1_117' title='bbox 778 2290 1015 2373; x_wconf 79' lang='lat' dir='ltr'>vitaretur</span> <span class='ocrx_word' id='word_1_118' title='bbox 1039 2276 1309 2387; x_wconf 81' lang='lat' dir='ltr'>constitutae</span> <span class='ocrx_word' id='word_1_119' title='bbox 1329 2279 1439 2372; x_wconf 89' lang='lat' dir='ltr'>sunt</span> <span class='ocrx_word' id='word_1_120' title='bbox 1464 2291 1515 2374; x_wconf 87' lang='lat' dir='ltr'>et</span> <span class='ocrx_word' id='word_1_121' title='bbox 1534 2274 1793 2392; x_wconf 76' lang='lat' dir='ltr'>dishnctae3</span> 
     </span>
    </p>
   </div>
   <div class='ocr_carea' id='block_1_6' title="bbox 135 2394 1791 2490">
    <p class='ocr_par' dir='ltr' id='par_1_9' title="bbox 135 2394 1791 2490">
     <span class='ocr_line' id='line_1_18' title="bbox 135 2394 1791 2490; baseline 0.001 -1"><span class='ocrx_word' id='word_1_122' title='bbox 135 2443 140 2449; x_wconf 96' lang='lat'>·</span> <span class='ocrx_word' id='word_1_123' title='bbox 270 2410 328 2489; x_wconf 80' lang='lat' dir='ltr'>vt</span> <span class='ocrx_word' id='word_1_124' title='bbox 363 2396 415 2489; x_wconf 92' lang='lat' dir='ltr'>in</span> <span class='ocrx_word' id='word_1_125' title='bbox 449 2399 552 2489; x_wconf 89' lang='lat' dir='ltr'>vita</span> <span class='ocrx_word' id='word_1_126' title='bbox 592 2396 867 2490; x_wconf 89' lang='lat' dir='ltr'>sanctorum</span> <span class='ocrx_word' id='word_1_127' title='bbox 901 2394 1221 2490; x_wconf 87' lang='lat' dir='ltr'>Hermacorae</span> <span class='ocrx_word' id='word_1_128' title='bbox 1263 2410 1314 2490; x_wconf 91' lang='lat' dir='ltr'>et</span> <span class='ocrx_word' id='word_1_129' title='bbox 1355 2395 1616 2490; x_wconf 82' lang='lat' dir='ltr'>Fortunati</span> <span class='ocrx_word' id='word_1_130' title='bbox 1659 2396 1791 2490; x_wconf 88' lang='lat' dir='ltr'>beati</span> 
     </span>
    </p>
   </div>
   <div class='ocr_carea' id='block_1_7' title="bbox 267 2508 1793 2954">
    <p class='ocr_par' dir='ltr' id='par_1_10' title="bbox 267 2508 1793 2954">
     <span class='ocr_line' id='line_1_19' title="bbox 267 2508 1793 2636; baseline 0 -29"><span class='ocrx_word' id='word_1_131' title='bbox 267 2508 434 2607; x_wconf 87' lang='lat' dir='ltr'>Marci</span> <span class='ocrx_word' id='word_1_132' title='bbox 451 2508 806 2636; x_wconf 38' lang='lat' dir='ltr'>*discipulorum</span> <span class='ocrx_word' id='word_1_133' title='bbox 831 2512 1008 2608; x_wconf 87' lang='lat' dir='ltr'>clarius</span> <span class='ocrx_word' id='word_1_134' title='bbox 1032 2512 1327 2627; x_wconf 88' lang='lat' dir='ltr'>absoluitur,</span> <span class='ocrx_word' id='word_1_135' title='bbox 1357 2510 1449 2606; x_wconf 91' lang='lat' dir='ltr'>Cui</span> <span class='ocrx_word' id='word_1_136' title='bbox 1470 2508 1637 2605; x_wconf 83' lang='lat' dir='ltr'>tamen</span> <span class='ocrx_word' id='word_1_137' title='bbox 1657 2512 1793 2609; x_wconf 88' lang='lat' dir='ltr'>beati</span> 
     </span>
     <span class='ocr_line' id='line_1_20' title="bbox 271 2625 1792 2755; baseline 0.003 -35"><span class='ocrx_word' id='word_1_138' title='bbox 271 2625 469 2747; x_wconf 85' lang='lat' dir='ltr'>Quirini</span> <span class='ocrx_word' id='word_1_139' title='bbox 511 2628 890 2755; x_wconf 82' lang='lat' dir='ltr'>praedecessores</span> <span class='ocrx_word' id='word_1_140' title='bbox 924 2627 1150 2722; x_wconf 88' lang='lat' dir='ltr'>seruntur</span> <span class='ocrx_word' id='word_1_141' title='bbox 1181 2627 1317 2725; x_wconf 80' lang='lat' dir='ltr'>fuisse</span> <span class='ocrx_word' id='word_1_142' title='bbox 1360 2628 1466 2755; x_wconf 84' lang='lat' dir='ltr'>post</span> <span class='ocrx_word' id='word_1_143' title='bbox 1497 2629 1792 2725; x_wconf 87' lang='lat' dir='ltr'>Eutherium</span> 
     </span>
     <span class='ocr_line' id='line_1_21' title="bbox 274 2741 1792 2954; baseline 0.007 -117"><span class='ocrx_word' id='word_1_144' title='bbox 274 2747 359 2872; x_wconf 90' lang='lat' dir='ltr'>qui</span> <span class='ocrx_word' id='word_1_145' title='bbox 395 2745 442 2837; x_wconf 91' lang='lat' dir='ltr'>se</span> <span class='ocrx_word' id='word_1_146' title='bbox 462 2741 734 2841; x_wconf 84' lang='lat' dir='ltr'>Sardicensr</span> <span class='ocrx_word' id='word_1_147' title='bbox 765 2744 1033 2954; x_wconf 59' lang='lat' dir='ltr'>subscripsit</span> <span class='ocrx_word' id='word_1_148' title='bbox 1064 2745 1318 2861; x_wconf 89' lang='lat' dir='ltr'>Concilio,</span> <span class='ocrx_word' id='word_1_149' title='bbox 1350 2762 1404 2842; x_wconf 88' lang='lat' dir='ltr'>et</span> <span class='ocrx_word' id='word_1_150' title='bbox 1423 2743 1792 2847; x_wconf 80' lang='lat' dir='ltr'>Constantinum</span> 
     </span>
    </p>
   </div>
   <div class='ocr_carea' id='block_1_8' title="bbox 32 2858 1790 3075">
    <p class='ocr_par' dir='ltr' id='par_1_11' title="bbox 32 2858 1790 3075">
     <span class='ocr_line' id='line_1_22' title="bbox 32 2858 1790 3075; baseline -0.003 -113"><span class='ocrx_word' id='word_1_151' title='bbox 32 2928 37 2962; x_wconf 83' lang='grc'>.</span> <span class='ocrx_word' id='word_1_152' title='bbox 129 2892 136 2909; x_wconf 72' lang='grc'><em>“</em></span> <span class='ocrx_word' id='word_1_153' title='bbox 268 2890 419 3075; x_wconf 42' lang='lat' dir='ltr'>{uem</span> <span class='ocrx_word' id='word_1_154' title='bbox 442 2861 493 2955; x_wconf 91' lang='lat' dir='ltr'>in</span> <span class='ocrx_word' id='word_1_155' title='bbox 514 2864 616 2955; x_wconf 89' lang='lat' dir='ltr'>vita</span> <span class='ocrx_word' id='word_1_156' title='bbox 641 2860 811 2955; x_wconf 86' lang='lat' dir='ltr'>Sancti</span> <span class='ocrx_word' id='word_1_157' title='bbox 836 2858 935 2954; x_wconf 82' lang='lat' dir='ltr'>Cot</span> <span class='ocrx_word' id='word_1_158' title='bbox 970 2864 1124 2954; x_wconf 87' lang='lat' dir='ltr'>iniani</span> <span class='ocrx_word' id='word_1_159' title='bbox 1152 2865 1461 2957; x_wconf 88' lang='lat' dir='ltr'>nominatum</span> <span class='ocrx_word' id='word_1_160' title='bbox 1492 2894 1546 2961; x_wconf 87' lang='lat' dir='ltr'>re</span> <span class='ocrx_word' id='word_1_161' title='bbox 1613 2867 1790 2979; x_wconf 86' lang='lat' dir='ltr'>n&#39;mus,</span> 
     </span>
    </p>
   </div>
   <div class='ocr_carea' id='block_1_9' title="bbox 94 3561 559 3666">
    <p class='ocr_par' dir='ltr' id='par_1_12' title="bbox 94 3561 559 3666">
     <span class='ocr_line' id='line_1_23' title="bbox 94 3561 559 3666; baseline 0.004 -12"><span class='ocrx_word' id='word_1_162' title='bbox 94 3562 98 3570; x_wconf 78' lang='grc'><em>’</em></span> <span class='ocrx_word' id='word_1_163' title='bbox 161 3617 166 3626; x_wconf 89' lang='grc'>-</span> <span class='ocrx_word' id='word_1_164' title='bbox 267 3561 559 3666; x_wconf 84' lang='lat' dir='ltr'>Laureacen</span> 
     </span>
    </p>
   </div>
   <div class='ocr_carea' id='block_1_10' title="bbox 265 2974 1862 3466">
    <p class='ocr_par' dir='ltr' id='par_1_13' title="bbox 265 2974 1862 3466">
     <span class='ocr_line' id='line_1_24' title="bbox 314 2974 1797 3088; baseline 0.005 -18"><span class='ocrx_word' id='word_1_165' title='bbox 314 2991 505 3072; x_wconf 88' lang='lat' dir='ltr'>reterea</span> <span class='ocrx_word' id='word_1_166' title='bbox 540 2992 591 3072; x_wconf 90' lang='lat' dir='ltr'>et</span> <span class='ocrx_word' id='word_1_167' title='bbox 626 2976 689 3073; x_wconf 89' lang='lat' dir='ltr'>de</span> <span class='ocrx_word' id='word_1_168' title='bbox 713 2976 892 3072; x_wconf 90' lang='lat' dir='ltr'>eodem</span> <span class='ocrx_word' id='word_1_169' title='bbox 921 2974 1239 3088; x_wconf 74' lang='lat' dir='ltr'>Constantino</span> <span class='ocrx_word' id='word_1_170' title='bbox 1273 2982 1322 3073; x_wconf 93' lang='lat' dir='ltr'>in</span> <span class='ocrx_word' id='word_1_171' title='bbox 1347 2982 1539 3076; x_wconf 91' lang='lat' dir='ltr'>vitano</span> <span class='ocrx_word' id='word_1_172' title='bbox 1577 2982 1619 3074; x_wconf 91' lang='lat' dir='ltr'>ri</span> <span class='ocrx_word' id='word_1_173' title='bbox 1638 2982 1797 3076; x_wconf 87' lang='lat' dir='ltr'>sancti</span> 
     </span>
     <span class='ocr_line' id='line_1_25' title="bbox 267 3094 1794 3214; baseline 0.001 -23"><span class='ocrx_word' id='word_1_174' title='bbox 267 3095 477 3191; x_wconf 88' lang='lat' dir='ltr'>Patroni</span> <span class='ocrx_word' id='word_1_175' title='bbox 501 3094 730 3188; x_wconf 88' lang='lat' dir='ltr'>Seuerini</span> <span class='ocrx_word' id='word_1_176' title='bbox 751 3095 960 3206; x_wconf 79' lang='lat' dir='ltr'>Abbatis</span> <span class='ocrx_word' id='word_1_177' title='bbox 984 3096 1256 3214; x_wconf 79' lang='lat' dir='ltr'>monasterij</span> <span class='ocrx_word' id='word_1_178' title='bbox 1279 3098 1607 3192; x_wconf 85' lang='lat' dir='ltr'>Fauianiensrs</span> <span class='ocrx_word' id='word_1_179' title='bbox 1640 3096 1695 3192; x_wconf 86' lang='lat' dir='ltr'>id</span> <span class='ocrx_word' id='word_1_180' title='bbox 1725 3096 1794 3192; x_wconf 76' lang='lat' dir='ltr'>esi</span> 
     </span>
     <span class='ocr_line' id='line_1_26' title="bbox 265 3205 1862 3332; baseline 0.003 -27"><span class='ocrx_word' id='word_1_181' title='bbox 265 3205 558 3305; x_wconf 82' lang='lat' dir='ltr'>Viennensis</span> <span class='ocrx_word' id='word_1_182' title='bbox 593 3207 798 3332; x_wconf 61' lang='lat' dir='ltr'>adeius</span> <span class='ocrx_word' id='word_1_183' title='bbox 820 3237 988 3302; x_wconf 84' lang='lat' dir='ltr'>muros</span> <span class='ocrx_word' id='word_1_184' title='bbox 1020 3241 1110 3332; x_wconf 90' lang='lat' dir='ltr'>per</span> <span class='ocrx_word' id='word_1_185' title='bbox 1135 3211 1349 3317; x_wconf 87' lang='lat' dir='ltr'>eundem</span> <span class='ocrx_word' id='word_1_186' title='bbox 1384 3211 1789 3331; x_wconf 82' lang='lat' dir='ltr'>fundaticlarius</span> <span class='ocrx_word' id='word_1_187' title='bbox 1859 3302 1862 3308; x_wconf 88' lang='lat'>.</span> 
     </span>
     <span class='ocr_line' id='line_1_27' title="bbox 269 3325 1793 3466; baseline 0.001 -43"><span class='ocrx_word' id='word_1_188' title='bbox 269 3329 517 3452; x_wconf 81' lang='lat' dir='ltr'>reperitur</span> <span class='ocrx_word' id='word_1_189' title='bbox 545 3325 735 3438; x_wconf 54' lang='lat' dir='ltr'>i-afluic</span> <span class='ocrx_word' id='word_1_190' title='bbox 770 3355 888 3452; x_wconf 87' lang='lat' dir='ltr'>ergo</span> <span class='ocrx_word' id='word_1_191' title='bbox 922 3327 1090 3420; x_wconf 90' lang='lat' dir='ltr'>sancto</span> <span class='ocrx_word' id='word_1_192' title='bbox 1114 3327 1327 3446; x_wconf 87' lang='lat' dir='ltr'>Quirino</span> <span class='ocrx_word' id='word_1_193' title='bbox 1353 3327 1610 3466; x_wconf 87' lang='lat' dir='ltr'>Philippus</span> <span class='ocrx_word' id='word_1_194' title='bbox 1634 3329 1793 3424; x_wconf 84' lang='lat' dir='ltr'>Caesar</span> 
     </span>
    </p>
   </div>
   <div class='ocr_carea' id='block_1_11' title="bbox 271 3441 1822 3658">
    <p class='ocr_par' dir='ltr' id='par_1_14' title="bbox 271 3441 1822 3658">
     <span class='ocr_line' id='line_1_28' title="bbox 271 3441 1822 3658; baseline 0.005 -120"><span class='ocrx_word' id='word_1_195' title='bbox 271 3459 383 3539; x_wconf 81' lang='lat' dir='ltr'>cum</span> <span class='ocrx_word' id='word_1_196' title='bbox 404 3441 647 3658; x_wconf 60' lang='grc' dir='ltr'><strong>ΡὴίΙίἮω</strong></span> <span class='ocrx_word' id='word_1_197' title='bbox 682 3441 785 3538; x_wconf 87' lang='lat' dir='ltr'>filio</span> <span class='ocrx_word' id='word_1_198' title='bbox 812 3444 1164 3568; x_wconf 74' lang='lat' dir='ltr'>patrimonium</span> <span class='ocrx_word' id='word_1_199' title='bbox 1196 3476 1260 3538; x_wconf 86' lang='lat' dir='ltr'>ex</span> <span class='ocrx_word' id='word_1_200' title='bbox 1284 3472 1428 3570; x_wconf 85' lang='lat' dir='ltr'>aequo</span> <span class='ocrx_word' id='word_1_201' title='bbox 1454 3444 1708 3562; x_wconf 91' lang='lat' dir='ltr'>d1uidunt,</span> <span class='ocrx_word' id='word_1_202' title='bbox 1740 3461 1792 3542; x_wconf 88' lang='lat' dir='ltr'>et</span> <span class='ocrx_word' id='word_1_203' title='bbox 1818 3539 1822 3546; x_wconf 86' lang='lat'>.</span> 
     </span>
    </p>
   </div>
   <div class='ocr_carea' id='block_1_12' title="bbox 610 3561 2142 3689">
    <p class='ocr_par' dir='ltr' id='par_1_15' title="bbox 610 3561 2142 3689">
     <span class='ocr_line' id='line_1_29' title="bbox 610 3561 2142 3689; baseline 0.002 -33"><span class='ocrx_word' id='word_1_204' title='bbox 610 3561 845 3657; x_wconf 36' lang='lat' dir='ltr'>&#39;acclesiae</span> <span class='ocrx_word' id='word_1_205' title='bbox 883 3591 987 3656; x_wconf 95' lang='lat' dir='ltr'>non</span> <span class='ocrx_word' id='word_1_206' title='bbox 1019 3574 1119 3654; x_wconf 91' lang='lat' dir='ltr'>tam</span> <span class='ocrx_word' id='word_1_207' title='bbox 1151 3561 1423 3656; x_wconf 85' lang='lat' dir='ltr'>liberaliter</span> <span class='ocrx_word' id='word_1_208' title='bbox 1457 3591 1604 3689; x_wconf 85' lang='lat' dir='ltr'>quarn</span> <span class='ocrx_word' id='word_1_209' title='bbox 1639 3565 1788 3658; x_wconf 80' lang='lat' dir='ltr'>etiam</span> <span class='ocrx_word' id='word_1_210' title='bbox 1950 3673 1953 3678; x_wconf 39' lang='grc'><strong>,</strong></span> <span class='ocrx_word' id='word_1_211' title='bbox 2134 3659 2142 3680; x_wconf 75' lang='grc'><strong><em>,</em></strong></span> 
     </span>
    </p>
   </div>
   <div class='ocr_carea' id='block_1_13' title="bbox 272 3676 2066 3807">
    <p class='ocr_par' dir='ltr' id='par_1_16' title="bbox 272 3676 2066 3807">
     <span class='ocr_line' id='line_1_30' title="bbox 272 3676 2066 3807; baseline 0.002 -33"><span class='ocrx_word' id='word_1_212' title='bbox 272 3676 337 3774; x_wconf 86' lang='lat' dir='ltr'>ad</span> <span class='ocrx_word' id='word_1_213' title='bbox 374 3677 719 3807; x_wconf 86' lang='lat' dir='ltr'>possidendum</span> <span class='ocrx_word' id='word_1_214' title='bbox 764 3679 918 3782; x_wconf 85' lang='lat' dir='ltr'>multa</span> <span class='ocrx_word' id='word_1_215' title='bbox 961 3676 1233 3775; x_wconf 87' lang='lat' dir='ltr'>deuotione</span> <span class='ocrx_word' id='word_1_216' title='bbox 1279 3679 1563 3804; x_wconf 78' lang='lat' dir='ltr'>consignant</span> <span class='ocrx_word' id='word_1_217' title='bbox 1604 3695 1655 3774; x_wconf 89' lang='lat' dir='ltr'>et</span> <span class='ocrx_word' id='word_1_218' title='bbox 1689 3693 1790 3774; x_wconf 90' lang='lat' dir='ltr'>tra·</span> <span class='ocrx_word' id='word_1_219' title='bbox 1953 3767 1962 3778; x_wconf 87' lang='lat'><strong>.</strong></span> <span class='ocrx_word' id='word_1_220' title='bbox 2046 3689 2066 3701; x_wconf 84' lang='grc'>”</span> 
     </span>
    </p>
   </div>
   <div class='ocr_carea' id='block_1_14' title="bbox 273 3794 1797 3921">
    <p class='ocr_par' dir='ltr' id='par_1_17' title="bbox 273 3794 1797 3921">
     <span class='ocr_line' id='line_1_31' title="bbox 273 3794 1797 3921; baseline 0 -30"><span class='ocrx_word' id='word_1_221' title='bbox 273 3794 444 3911; x_wconf 60' lang='lat' dir='ltr'>dunt,</span> <span class='ocrx_word' id='word_1_222' title='bbox 495 3797 842 3910; x_wconf 70' lang='lat' dir='ltr'>Horumvero</span> <span class='ocrx_word' id='word_1_223' title='bbox 872 3797 1224 3921; x_wconf 82' lang='lat' dir='ltr'>patrimonium</span> <span class='ocrx_word' id='word_1_224' title='bbox 1248 3798 1300 3891; x_wconf 91' lang='lat' dir='ltr'>in</span> <span class='ocrx_word' id='word_1_225' title='bbox 1319 3797 1598 3892; x_wconf 84' lang='lat' dir='ltr'>Autenticis</span> <span class='ocrx_word' id='word_1_226' title='bbox 1623 3797 1683 3891; x_wconf 87' lang='lat' dir='ltr'>sie</span> <span class='ocrx_word' id='word_1_227' title='bbox 1706 3796 1797 3891; x_wconf 89' lang='lat' dir='ltr'>de·-</span> 
     </span>
    </p>
   </div>
   <div class='ocr_carea' id='block_1_15' title="bbox 270 3903 1967 4036">
    <p class='ocr_par' dir='ltr' id='par_1_18' title="bbox 270 3903 1967 4036">
     <span class='ocr_line' id='line_1_32' title="bbox 270 3903 1967 4036; baseline 0.001 -27"><span class='ocrx_word' id='word_1_228' title='bbox 270 3913 494 4010; x_wconf 85' lang='lat' dir='ltr'>scribitur</span> <span class='ocrx_word' id='word_1_229' title='bbox 521 3916 728 4036; x_wconf 76' lang='lat' dir='ltr'>historiis</span> <span class='ocrx_word' id='word_1_230' title='bbox 760 3903 1038 4009; x_wconf 78' lang='lat' dir='ltr'>ab‘oriente</span> <span class='ocrx_word' id='word_1_231' title='bbox 1067 3913 1241 4009; x_wconf 89' lang='lat' dir='ltr'>habuit</span> <span class='ocrx_word' id='word_1_232' title='bbox 1273 3910 1501 4009; x_wconf 78' lang='lat' dir='ltr'>&#39;fossatum</span> <span class='ocrx_word' id='word_1_233' title='bbox 1523 3914 1790 4030; x_wconf 79' lang='lat' dir='ltr'>Sillanum,</span> <span class='ocrx_word' id='word_1_234' title='bbox 1833 3936 1836 3942; x_wconf 86' lang='grc'><strong>’</strong></span> <span class='ocrx_word' id='word_1_235' title='bbox 1877 3943 1882 3950; x_wconf 91' lang='grc'>·</span> <span class='ocrx_word' id='word_1_236' title='bbox 1964 4015 1967 4020; x_wconf 16' lang='lat' dir='ltr'><strong><em>J</em></strong></span> 
     </span>
    </p>
   </div>
   <div class='ocr_carea' id='block_1_16' title="bbox 217 4019 1790 4394">
    <p class='ocr_par' dir='ltr' id='par_1_19' title="bbox 217 4019 1790 4394">
     <span class='ocr_line' id='line_1_33' title="bbox 273 4019 1786 4158; baseline -0.001 -31"><span class='ocrx_word' id='word_1_237' title='bbox 273 4029 410 4158; x_wconf 86' lang='lat' dir='ltr'>quod</span> <span class='ocrx_word' id='word_1_238' title='bbox 434 4028 472 4126; x_wconf 73' lang='lat' dir='ltr'>&#39;a</span> <span class='ocrx_word' id='word_1_239' title='bbox 496 4036 624 4142; x_wconf 85' lang='lat' dir='ltr'>mari</span> <span class='ocrx_word' id='word_1_240' title='bbox 651 4019 1037 4156; x_wconf 50' lang='lat' dir='ltr'>medigssrraneo</span> <span class='ocrx_word' id='word_1_241' title='bbox 1092 4053 1154 4126; x_wconf 84' lang='lat' dir='ltr'>er·</span> <span class='ocrx_word' id='word_1_242' title='bbox 1178 4030 1465 4131; x_wconf 81' lang='lat' dir='ltr'>Liburniam</span> <span class='ocrx_word' id='word_1_243' title='bbox 1507 4047 1560 4127; x_wconf 93' lang='lat' dir='ltr'>et</span> <span class='ocrx_word' id='word_1_244' title='bbox 1586 4031 1786 4126; x_wconf 89' lang='lat' dir='ltr'>Panno·</span> 
     </span>
     <span class='ocr_line' id='line_1_34' title="bbox 217 4148 1790 4276; baseline 0.001 -36"><span class='ocrx_word' id='word_1_245' title='bbox 217 4233 220 4240; x_wconf 87' lang='lat'>.</span> <span class='ocrx_word' id='word_1_246' title='bbox 273 4153 405 4244; x_wconf 85' lang='lat' dir='ltr'>uiam</span> <span class='ocrx_word' id='word_1_247' title='bbox 427 4148 658 4244; x_wconf 87' lang='lat' dir='ltr'>diuidens</span> <span class='ocrx_word' id='word_1_248' title='bbox 682 4150 1038 4262; x_wconf 83' lang='lat' dir='ltr'>Pannonias&#39;ct</span> <span class='ocrx_word' id='word_1_249' title='bbox 1111 4149 1228 4245; x_wconf 83' lang='lat' dir='ltr'>esias</span> <span class='ocrx_word' id='word_1_250' title='bbox 1240 4151 1390 4276; x_wconf 82' lang='lat' dir='ltr'>vsque</span> <span class='ocrx_word' id='word_1_251' title='bbox 1405 4148 1468 4243; x_wconf 90' lang='lat' dir='ltr'>ad</span> <span class='ocrx_word' id='word_1_252' title='bbox 1481 4178 1614 4243; x_wconf 90' lang='lat' dir='ltr'>mare</span> <span class='ocrx_word' id='word_1_253' title='bbox 1629 4151 1790 4244; x_wconf 89' lang='lat' dir='ltr'>Ocea·</span> 
     </span>
     <span class='ocr_line' id='line_1_35' title="bbox 275 4265 1788 4394; baseline 0 -34"><span class='ocrx_word' id='word_1_254' title='bbox 275 4295 421 4382; x_wconf 86' lang='lat' dir='ltr'>num,</span> <span class='ocrx_word' id='word_1_255' title='bbox 451 4265 587 4394; x_wconf 91' lang='lat' dir='ltr'>quod</span> <span class='ocrx_word' id='word_1_256' title='bbox 618 4298 710 4392; x_wconf 91' lang='lat' dir='ltr'>per</span> <span class='ocrx_word' id='word_1_257' title='bbox 739 4267 901 4362; x_wconf 87' lang='lat' dir='ltr'>lacum</span> <span class='ocrx_word' id='word_1_258' title='bbox 935 4266 1101 4392; x_wconf 88' lang='lat' dir='ltr'>peschi</span> <span class='ocrx_word' id='word_1_259' title='bbox 1132 4268 1300 4392; x_wconf 86' lang='lat' dir='ltr'>(Pelso)</span> <span class='ocrx_word' id='word_1_260' title='bbox 1325 4265 1568 4380; x_wconf 85' lang='lat' dir='ltr'>discurrit,</span> <span class='ocrx_word' id='word_1_261' title='bbox 1598 4266 1680 4361; x_wconf 86' lang='lat' dir='ltr'>Ab</span> <span class='ocrx_word' id='word_1_262' title='bbox 1705 4295 1788 4360; x_wconf 91' lang='lat' dir='ltr'>oc·</span> 
     </span>
    </p>
   </div>
   <div class='ocr_carea' id='block_1_17' title="bbox 276 4381 2092 4596">
    <p class='ocr_par' dir='ltr' id='par_1_20' title="bbox 276 4381 2092 4596">
     <span class='ocr_line' id='line_1_36' title="bbox 276 4381 2092 4596; baseline 0 -122"><span class='ocrx_word' id='word_1_263' title='bbox 276 4381 473 4476; x_wconf 73' lang='lat' dir='ltr'>uidente</span> <span class='ocrx_word' id='word_1_264' title='bbox 498 4415 619 4479; x_wconf 90' lang='lat' dir='ltr'>vero</span> <span class='ocrx_word' id='word_1_265' title='bbox 639 4383 1035 4480; x_wconf 76' lang='lat' dir='ltr'>flumineLicaas</span> <span class='ocrx_word' id='word_1_266' title='bbox 1074 4385 1211 4596; x_wconf 35' lang='lat' dir='ltr'>(huod</span> <span class='ocrx_word' id='word_1_267' title='bbox 1232 4385 1470 4479; x_wconf 89' lang='lat' dir='ltr'>Germani</span> <span class='ocrx_word' id='word_1_268' title='bbox 1498 4383 1648 4480; x_wconf 87' lang='lat' dir='ltr'>licum</span> <span class='ocrx_word' id='word_1_269' title='bbox 1673 4384 1830 4486; x_wconf 69' lang='lat' dir='ltr'>‚vul·.</span> <span class='ocrx_word' id='word_1_270' title='bbox 1928 4469 1933 4474; x_wconf 84' lang='grc'><em>,</em></span> <span class='ocrx_word' id='word_1_271' title='bbox 2088 4399 2092 4406; x_wconf 86' lang='grc'>’</span> 
     </span>
    </p>
   </div>
   <div class='ocr_carea' id='block_1_18' title="bbox 183 4499 2005 4980">
    <p class='ocr_par' dir='ltr' id='par_1_21' title="bbox 275 4499 1896 4712">
     <span class='ocr_line' id='line_1_37' title="bbox 275 4499 1896 4712; baseline 0.001 -120"><span class='ocrx_word' id='word_1_272' title='bbox 275 4502 456 4712; x_wconf 57' lang='lat' dir='ltr'>{ariter</span> <span class='ocrx_word' id='word_1_273' title='bbox 490 4499 580 4594; x_wconf 85' lang='lat' dir='ltr'>der</span> <span class='ocrx_word' id='word_1_274' title='bbox 602 4502 741 4598; x_wconf 88' lang='lat' dir='ltr'>Lech</span> <span class='ocrx_word' id='word_1_275' title='bbox 771 4502 902 4642; x_wconf 84' lang='lat' dir='ltr'>apud</span> <span class='ocrx_word' id='word_1_276' title='bbox 936 4505 1082 4628; x_wconf 86' lang='lat' dir='ltr'>Augu</span> <span class='ocrx_word' id='word_1_277' title='bbox 1120 4506 1330 4598; x_wconf 87' lang='lat' dir='ltr'>amnon</span> <span class='ocrx_word' id='word_1_278' title='bbox 1355 4501 1506 4628; x_wconf 87' lang='lat' dir='ltr'>longe</span> <span class='ocrx_word' id='word_1_279' title='bbox 1538 4503 1591 4594; x_wconf 90' lang='lat' dir='ltr'>in</span> <span class='ocrx_word' id='word_1_280' title='bbox 1615 4501 1789 4594; x_wconf 89' lang='lat' dir='ltr'>Danu·</span> <span class='ocrx_word' id='word_1_281' title='bbox 1886 4545 1896 4558; x_wconf 45' lang='lat'>⁸</span> 
     </span>
    </p>

    <p class='ocr_par' dir='ltr' id='par_1_22' title="bbox 183 4617 1788 4745">
     <span class='ocr_line' id='line_1_38' title="bbox 183 4617 1788 4745; baseline 0.005 -37"><span class='ocrx_word' id='word_1_282' title='bbox 183 4689 187 4698; x_wconf 19' lang='grc' dir='ltr'><strong>Δ</strong></span> <span class='ocrx_word' id='word_1_283' title='bbox 315 4619 414 4710; x_wconf 90' lang='lat' dir='ltr'>ium</span> <span class='ocrx_word' id='word_1_284' title='bbox 449 4617 657 4714; x_wconf 88' lang='lat' dir='ltr'>cadens.</span> <span class='ocrx_word' id='word_1_285' title='bbox 700 4633 949 4734; x_wconf 83' lang='lat' dir='ltr'>voert-ant,</span> <span class='ocrx_word' id='word_1_286' title='bbox 980 4637 1032 4713; x_wconf 92' lang='lat' dir='ltr'>et</span> <span class='ocrx_word' id='word_1_287' title='bbox 1064 4621 1208 4745; x_wconf 87' lang='lat' dir='ltr'>super</span> <span class='ocrx_word' id='word_1_288' title='bbox 1242 4617 1419 4712; x_wconf 79' lang='lat' dir='ltr'>Menas</span> <span class='ocrx_word' id='word_1_289' title='bbox 1451 4617 1788 4716; x_wconf 75' lang='lat' dir='ltr'>occidentales</span> 
     </span>
    </p>

    <p class='ocr_par' dir='ltr' id='par_1_23' title="bbox 270 4730 2005 4980">
     <span class='ocr_line' id='line_1_39' title="bbox 270 4730 2005 4865; baseline 0 -39"><span class='ocrx_word' id='word_1_290' title='bbox 270 4730 469 4844; x_wconf 77' lang='lat' dir='ltr'>Nabam</span> <span class='ocrx_word' id='word_1_291' title='bbox 512 4736 658 4864; x_wconf 85' lang='lat' dir='ltr'>(quae</span> <span class='ocrx_word' id='word_1_292' title='bbox 691 4737 825 4864; x_wconf 83' lang='lat' dir='ltr'>apud</span> <span class='ocrx_word' id='word_1_293' title='bbox 855 4732 1126 4865; x_wconf 78' lang='lat' dir='ltr'>Hiaspolim</span> <span class='ocrx_word' id='word_1_294' title='bbox 1160 4735 1434 4864; x_wconf 79' lang='lat' dir='ltr'>ingreditur</span> <span class='ocrx_word' id='word_1_295' title='bbox 1461 4735 1787 4856; x_wconf 84' lang='lat' dir='ltr'>Danubium)</span> <span class='ocrx_word' id='word_1_296' title='bbox 2000 4783 2005 4792; x_wconf 84' lang='lat'><em>·</em></span> 
     </span>
     <span class='ocr_line' id='line_1_40' title="bbox 340 4853 1843 4980; baseline -0.004 -28"><span class='ocrx_word' id='word_1_297' title='bbox 340 4855 530 4952; x_wconf 70' lang='lat' dir='ltr'>Van.</span> <span class='ocrx_word' id='word_1_298' title='bbox 1030 4853 1214 4956; x_wconf 70' lang='lat' dir='ltr'>th,</span> <span class='ocrx_word' id='word_1_299' title='bbox 1288 4882 1296 4892; x_wconf 76' lang='grc'><em>’</em></span> <span class='ocrx_word' id='word_1_300' title='bbox 1547 4854 1728 4980; x_wconf 87' lang='lat' dir='ltr'>Egram</span> <span class='ocrx_word' id='word_1_301' title='bbox 1834 4899 1843 4919; x_wconf 54' lang='lat'><em>1</em></span> 
     </span>
    </p>
   </div>
   <div class='ocr_carea' id='block_1_19' title="bbox 0 0 2364 6050">
    <p class='ocr_par' dir='ltr' id='par_1_24' title="bbox 0 0 2364 6050">
     <span class='ocr_line' id='line_1_41' title="bbox 0 0 2364 6050; baseline 0 0"><span class='ocrx_word' id='word_1_302' title='bbox 0 0 2364 6050; x_wconf 95' lang='lat' dir='ltr'> </span> 
     </span>
    </p>
   </div>
  </div>
 </body>
</html>
