4717 6050
591 396 688 537 'aa
819 476 823 485 ·
889 441 994 520 -·.v;
1035 431 1405 538 ,ιιιιςιιιιιιιι
1438 430 1699 519 rrourcrz
1742 434 1765 507 :v
1820 410 1855 570 '-

361 572 363 579 ¹
495 691 500 701 ·
676 644 810 741 dccc.
849 641 1065 739 Karolus
1092 670 1122 735 a
1153 640 1304 737 leoire
1342 645 1611 735 coronatur
1651 652 1705 737 et
1736 630 1977 767 Augustus
2009 673 2071 743 se

560 765 706 907 Cesar
726 762 1007 892 appellatur
1036 772 1090 855 et
1119 756 1405 856 Gcrholdus
1433 756 1912 926 prefectus'babario
1944 764 2073 859 occi·

559 886 814 1095 dituraoec·
828 1030 874 1093 x.
903 992 1118 1091 Karolus
1139 928 1624 1089 testamentumfacit
1654 1006 1706 1086 et
1726 882 2076 1093 {viomadum

558 1132 799 1245 nepotem
821 1116 957 1211 suum
987 1142 1079 1241 per
1092 1112 1621 1241 pippinumdgoouum
1640 1108 1842 1209 babaoie
1862 1112 2075 1240 prefecit

561 1266 816 1493 repepdpc·
827 1349 905 1470 xij.
929 1344 1152 1485 Ilarolus
1174 1372 1381 1472 maguus
1402 1284 1620 1441 molitur·
1632 1357 1684 1440 et
1703 1337 1949 1444 ludwicus
1960 1303 2073 1473 pius

563 1471 692 1571 fihus
716 1498 820 1563 erus
840 1462 1068 1561 succedit
1511 1495 1517 1509 ·
1547 1538 1554 1550 .
1579 1492 1585 1503 ·
1782 1507 1786 1513 ·

682 1584 926 1706 dcccxiii
955 1579 1199 1676 ludwicus
1228 1576 1462 1675 lotarium
1479 1574 1649 1676 ulium
1669 1578 1815 1678 turm
1847 1582 1900 1677 io
1922 1580 2085 1706 ytalia

422 1778 424 1787 =
457 1752 460 1760 ·
562 1734 733 1837 regem
753 1701 876 1799 fecit
894 1698 977 1796 Ab
1002 1699 1119 1793 hinc
1140 1696 1298 1792 tribus
1321 1698 1570 1793 coutinuis
1586 1697 2080 1825 arrisio—quedamvirs

565 1856 631 1954 go
653 1823 847 2033 Iejupat
864 1823 917 1915 in
940 1813 1193 2030 tserrfforio
1206 1812 1520 2028 'Tullentsrum
1540 1816 2082 2028 etllempapa'molriiltim

566 1942 1954 2178 mmmm
1974 1957 2084 2180 ss

396 2216 433 2275 '.
567 2174 818 2273 rebellans
846 2184 1107 2267 excecatur
1132 2183 1184 2263 et
1204 2166 1264 2262 lic
1283 2170 1504 2265 moritur.
1673 2221 1678 2238 ·
1776 2214 1798 2229 ·-

688 2288 821 2385 dccc.
841 2290 955 2385 irxv.
985 2285 1229 2383 ludwicus
1249 2288 1301 2381 iu
1314 2286 1565 2383 babariam
1578 2288 1786 2383 veniens
1802 2232 1984 2413 regnat
1998 2284 2083 2383 ibi.

501 2446 508 2457 ·
694 2404 829 2503 doce
840 2407 1004 2527 xxiiij.
1036 2402 1289 2528 ludwicus
1311 2402 1577 2525 concilium
1601 2405 1873 2529 celebrauit
1908 2402 1995 2501 vbi
2017 2400 2082 2500 de

571 2526 738 2627 officio
759 2524 1116 2620 monachorum
1140 2538 1410 2649 propterea
1433 2518 1501 2616 cll
1522 2528 1783 2617 tractatum
1813 2538 1871 2625 vt
1888 2521 2086 2649 iporci-

398 2680 402 2685 ·
571 2647 691 2743 licet
718 2655 835 2735 aute
857 2640 1035 2767 palcha
1057 2638 1218 2735 tribus
1239 2638 1415 2734 diebus
1448 2634 1854 2735 consuetudinem
1877 2668 2085 2735 romane

574 2756 787 2860 ecclelie¹
801 2761 1072 2869 vmiteutur
1099 2755 1199 2851 Sub
1220 2756 1464 2881 Ewgenio
1487 2782 1619 2884 papa
1651 2772 1702 2851 et
1729 2755 1984 2861 sichardo·
2004 2755 2088 2851 rb-

572 2880 690 2977 bate
722 2862 885 2973 noItro
918 2875 1157 3001 presente.
1198 2874 1293 2989 hijs
1320 2872 1636 3005 temporibus,
1676 2874 1828 2995 (voc,
1857 2910 1957 3004 quc
1995 2880 2085 2999 legi

574 3029 664 3096 non
685 2994 878 3121 potest.)
907 3046 929 3069 ·
957 3026 982 3070 ··
1008 2990 1161 3086 modo
1191 2987 1414 3086 miranda
1443 2989 1617 3086 viditv
1683 3057 1690 3070 ·
1805 3033 1812 3046 ·
1859 3055 1864 3068 ·

695 3108 1023 3226 dcccxxxiiii.
1060 3107 1303 3204 ludwicus
1337 3110 1621 3234 Imperator
1633 3107 1900 3237 deponitur
1934 3125 1987 3207 et
2004 3131 2085 3208 're-

579 3229 803 3328 cluditur.
830 3227 927 3322 Sed
944 3225 1056 3365 post
1081 3225 1232 3322 breue
1256 3229 1435 3321 iterum
1456 3221 1894 3356 restituitur'regno
1916 3229 2019 3326 Ilro.

697 3346 1006 3441 dcccxxxrx.
1052 3341 1295 3440 ludwicus
1335 3347 1542 3438 moritur
1586 3351 1638 3440 et
1673 3346 1873 3442 babaria
1908 3345 2089 3444 francis

577 3464 827 3591 lubycitur
849 3460 1185 3590 gubernanda.
1244 3463 1349 3583 Hijs
1382 3477 1483 3556 tem
1522 3463 1690 3560 oribus
1718 3465 1856 3560 Huni
1884 3463 2090 3561 christia·

578 3613 673 3682 nos
692 3581 1036 3710 persecuntur⁵
1071 3578 1198 3674 Item
1220 3579 1412 3674 sanctus
1498 3585 1683 3678 artinus
1707 3598 1761 3678 et
1779 3585 1972 3679 sanctus
1991 3580 2088 3678 Re·

580 3702 755 3828 nilgius
790 3698 1008 3824 episcopi
1041 3711 1093 3792 et
1122 3697 1316 3792 sanctus
1348 3698 1582 3816 Otmarus
1615 3701 1767 3823 abbas
1798 3700 2090 3797 transferun-

579 3833 660 3914 tur
726 3817 852 3940 Item
882 3814 1426 3954 gens‘vpgarorum‘de
1457 3815 1858 3946 Scithiacgrella
1884 3819 2090 3946 expullls

581 3965 762 4065 svarys
780 3963 783 3971 ’
803 3935 857 4026 in
896 3957 1115 4058 panonia
1153 3935 1201 4028 Ie
1242 3936 1446 4059 recepit
1500 3938 1629 4031 circa
1671 3953 1853 4032 annum
1898 3936 2092 4032 domiui

398 4075 403 4086 ’
580 4051 715 4148 dccc.
727 4052 792 4148 xl
816 4047 988 4144 festum
1009 4052 1229 4146 omnium
1252 4051 1529 4148 sanctorum
1552 4056 1605 4148 in
1627 4052 1815 4149 francia
1838 4068 1889 4148 et
1907 4083 2115 4180 germa·¹

342 4227 349 4242 ·
395 4245 402 4259 .
582 4171 667 4267 uia
683 4169 945 4296 instituitur
973 4197 1064 4296 per
1091 4165 1389 4297 Gregorium
1418 4199 1609 4298 papam·
1669 4173 1793 4267 Item
1823 4171 2029 4268 lotarius
2063 4199 2094 4269 a

338 4355 341 4364 ·
395 4409 401 4420 ,
582 4287 753 4416 Sergio
787 4303 1053 4384 coronatur
1094 4290 1181 4416 qui
1207 4292 1361 4382 eciam
1385 4318 1442 4383 os
1465 4292 1607 4415 porci
1638 4305 1789 4405 antea,
1813 4291 2095 4387 vocabatur.

638 4431 670 4446 ··
702 4404 1064 4526 dccclxxxviij.
1112 4405 1369 4522 Arnolfus
1395 4407 1670 4533 Imperator
1715 4433 1921 4530 regnare
1966 4409 2096 4532 cepit

407 4580 412 4590 ·
535 4553 538 4562 ·
584 4521 668 4620 hic
694 4521 1047 4632 monasterium·
1070 4523 1222 4618 lancti
1244 4525 1873 4621 Emeranniconllruxitin
1898 4525 2093 4621 ciuitate

584 4641 923 4894 ξιοῐίΐὲοιιοιιῦ
959 4656 1011 4741 et
1043 4639 1220 4770 predia
1257 4641 1455 4741 ecclele
1486 4643 1646 4743 nollre
1680 4643 1818 4741 auxit
1845 4642 1933 4740 Iub
1955 4640 2093 4740 Suel·

625 4795 650 4862 r
684 4795 719 4862 ιι
752 4833 765 4860 .

1877 4875 2040 4977 dcccc.
