4717 6050
618 382 800 526 „s'
893 371 899 379 ⁸
1034 414 1590 511 ·'anonrnt

557 636 728 734 llolice
749 631 889 741 vsecsrs
924 639 1110 765 iegato.
1147 635 1366 734 Wienne
1403 622 1772 732 consecrandas.
1806 626 1884 755 iij’.
1913 656 2074 737 nonai

454 796 458 803 ·
562 756 703 883 May.
785 752 910 849 Item
936 755 1098 851 mense
1119 752 1250 849 lulio
1270 751 1541 851 inundacio
1567 755 1778 848 maxima
1798 752 1864 849 iit.
1907 756 2076 851 Danu«

559 872 674 967 bius
698 870 852 965 multa
876 874 1067 971 edificia
1088 872 1467 1013 circumquaque
1486 870 1749 968 Dellruxit.
1809 872 1933 967 Item
1944 906 2077 969 men«

557 990 610 1085 se
635 987 1439 1115 Augusto.iiij.nonasTon1trua.
1530 988 1676 1086 ando.
1710 990 2075 1088 coruscaciones

559 1120 615 1201 et
648 1107 862 1233 impetus
895 1112 1173 1237 pluuiarum
1208 1106 1274 1206 fit.
1316 1110 1369 1202 in
1402 1140 1463 1202 au
1500 1111 1583 1203 ria.
1623 1108 1693 1201 ita
1719 1104 1853 1233 quod
1878 1110 2078 1206 minime

561 1225 670 1349 ripe
695 1254 757 1319 ex
777 1226 1019 1353 insperata
1040 1226 1305 1322 velocitate
1329 1224 1653 1321 accrescendo
1676 1226 1900 1320 homines
1922 1229 2076 1319 extin-

562 1345 768 1441 xerunt‘
797 1344 948 1439 Venti
970 1358 1169 1556 quopue
1191 1346 1395 1441 nimium
1417 1343 1585 1441 validi
1608 1345 1737 1437 circa
1757 1342 1782 1434 l⁴
1804 1343 1982 1437 enuelt
2007 1345 2077 1437 su·

558 1460 845 1584 pellectilia.
875 1464 1045 1559 Veluti
1095 1478 1196 1557 unt.
1228 1464 1383 1559 Dolia
1418 1479 1469 1557 et
1501 1462 1698 1557 Scrinia.
1729 1494 1760 1556 v
1781 1475 1856 1554 tra
1880 1476 2075 1559 montes

557 1575 642 1673 ad:
669 1599 780 1698 nnm-
806 1578 955 1675 stadia
976 1579 1295 1676 Detulerunt
1375 1582 1500 1674 Item
1526 1580 1773 1675 Dominus
1797 1576 2076 1674 Ruedolfus

559 1692 903 1793 Romanorum
922 1729 1023 1793 rex.
1039 1712 1212 1793 contra
1233 1700 1476 1795 Ottonem
1496 1698 1827 1791 marchionem
1838 1694 2074 1820 Depran·

563 1806 822 1909 denburch
843 1817 1005 1911 versus
1027 1815 1320 1913 Bohemiam
1346 1846 1554 1911 mouens
1573 1818 1625 1908 in
1643 1817 1944 1951 Autumpno.
1976 1810 2075 1909 Sed

377 2042 380 2053 1
424 1968 427 1992 ·
560 1959 655 2055 per
677 1932 1053 2057 copulacionern
1081 1964 1360 2061 pueronnn.
1391 1931 1627 2029 videlicet
1652 1928 1855 2025 ludwici
1884 1931 2074 2026 comitis
2331 2015 2332 2052 2

322 2075 326 2082 ·
558 2047 771 2175 palatini
794 2064 845 2143 et
859 2050 1017 2175 ipsius·
1032 2050 1343 2147 marchionis.
1368 2051 1556 2145 bellum
1578 2048 1643 2144 esl
1661 2049 1888 2175 sopitum.
1984 2107 1999 2124 =
2252 2113 2257 2122 ·
2331 2067 2332 2140 l

495 2250 502 2278 ,
555 2292 558 2297 ¹
680 2164 769 2294 M‘.
782 2168 996 2291 cclxxxj.
1026 2168 1153 2293 Filia
1165 2174 1293 2295 regis
1307 2167 1552 2263 Ruedolfi.
1567 2164 1938 2267 'duciturversus
1957 2194 2071 2291 apu·
2331 2253 2332 2260 .

556 2280 676 2377 liam
714 2314 809 2409 que
843 2288 1030 2411 nepoti
1046 2288 1181 2411 regis
1221 2303 1271 2380 et
1308 2284 1563 2381 Senatoris
1596 2283 1767 2379 Karuli
1803 2281 2077 2407 copulatur
2165 2342 2176 2355 ·

490 2484 496 2501 ,
546 2401 710 2505 „Anna
733 2432 854 2497 vero
887 2420 1044 2498 mater
1063 2407 1172 2498 eins
1206 2404 1343 2506 Dum
1365 2405 1520 2531 ipsam
1541 2398 1849 2496 transmissam
1874 2400 2071 2493 nimium

384 2571 389 2579 ·
444 2530 447 2537 '
561 2518 615 2611 lu
649 2533 765 2616 eret.
797 2524 1001 2615 moritur
1024 2553 1112 2645 pre
1137 2520 1347 2617 Dolore.
1380 2522 1512 2643 xiiii.
1539 2516 1782 2615 'kalendas
1815 2517 1873 2609 M
1943 2516 2073 2612 .cui

565 2546 824 2729 celebratis
847 2636 1146 2734 sollemniter
1167 2638 1383 2733 Wienne
1406 2638 1638 2765 exequijs.
1662 2633 1866 2737 versusb
1916 2633 2072 2727 tlicam

426 2780 436 2799 ‘
567 2752 829 2875 (Bcfileam‘)
863 2754 1077 2850 Ducitur
1105 2755 1169 2851 ad
1196 2757 1522 2881 sepulturam.
1593 2755 1717 2848 Item
1751 2752 1917 2847 Yems.
1953 2750 2072 2845 mul·

565 2882 674 2962 tum¹
695 2868 863 2994 aspera
882 2870 976 2966 snit
998 2876 1049 2967 in
1072 2870 1168 2968 line
1193 2872 1437 2996 februarii.
1460 2876 1546 2967 nii<
1559 2873 1610 2966 in
1622 2870 1788 2963 multis
1798 2871 1941 2964 terris
1964 2898 2074 2963 coa·

562 3000 804 3082 cernatur.
838 2988 975 3114 quod
993 2992 1150 3088 multe
1170 2990 1303 3087 ville.
1323 2996 1407 3089 vix
1427 3002 1769 3119 apparuerunt.
1830 2987 1957 3082 Item
1967 2987 2071 3081 Do·

563 3107 725 3199 minus
758 3103 1038 3204 Ruedolfus
1074 3139 1390 3208 romanorum
1424 3142 1524 3204 rex.
1561 3105 1780 3201 austriam
1812 3103 2071 3230 egreditur.

443 3220 447 3234 “
566 3222 731 3316 uersus
767 3220 1086 3347 franconiam.
1132 3244 1183 3321 et
1215 3226 1278 3321 ad
1305 3243 1477 3354 partes
1500 3227 1614 3320 reni
1638 3221 1935 3348 procedens.
1994 3221 2070 3313 Fi·

563 3339 685 3432 lium
715 3339 847 3462 suum
875 3345 1139 3438 Albertum
1171 3343 1340 3441 auslrie
1374 3360 1424 3439 et
1450 3345 1601 3439 Stirie
1636 3337 1880 3435 constituit
1944 3339 2071 3430 roui·

561 3457 734 3554 sorem.
804 3458 927 3553 Item
951 3460 1232 3557 Ruedolfus
1255 3462 1593 3559 Romanorum
1618 3489 1716 3553 rex.
1746 3461 1894 3581 Augu
1929 3452 2070 3548 eCu-

561 3573 684 3667 riam
727 3576 957 3672 celebrat.
999 3581 1166 3706 ibique
1198 3581 1284 3676 De
1316 3582 1511 3699 confilio
1556 3592 1606 3672 et
1635 3575 1890 3669 voluntate
1933 3570 2073 3666 nobi·

560 3689 693 3787 lium.
736 3695 820 3819 qui
850 3693 1069 3790 aderant.
1112 3697 1373 3791 Albertum
1404 3697 1554 3790 filium
1585 3694 1718 3786 suurn
1746 3690 1943 3784 Ducem
1972 3692 2075 3784 Au·

562 3805 668 3903 llrie
710 3826 761 3904 et
791 3809 938 3905 Stirie
982 3811 1267 3908 constituit..
1318 3815 1441 3910 Item
1480 3823 1774 3905 terremotus
1805 3805 1871 3900 eil
1900 3805 2071 3926 factus.

562 3923 690 4018 circa
708 3957 902 4021 nouam
934 3930 1185 4022 ciuitatem
1208 3929 1307 4024 xv‘.
1323 3929 1567 4024 kalendas
1590 3928 1725 4045 lunij.
1758 3937 1808 4019 et
1831 3953 1955 4018 ecce
1986 3925 2072 4017 mi·

560 4069 668 4134 rum
697 4045 749 4136 in
780 4044 982 4138 modum
1012 4042 1197 4139 ibidem
1228 4044 1440 4172 quedam
1462 4045 1638 4171 puella
1670 4056 1785 4137 octo
1816 4058 2073 4136 annorum.

562 4162 792 4285 concepit
833 4193 923 4302 per
961 4163 1164 4260 seruum.
1205 4196 1250 4257 x.
1281 4186 1535 4258 annorum.
1578 4175 1628 4253 et
1657 4161 1863 4296 peperit.
1889 4158 1985 4294 ⁴sed
2017 4161 2067 4252 in
2170 4254 2174 4259 .

558 4290 704 4414 partu
735 4296 953 4379 moritur.
1021 4281 1144 4374 Ite-m
1176 4282 1447 4374 mortalitas
1473 4281 1682 4372 maxima
1701 4276 1993 4371 ,animalrum
2018 4273 2071 4370 lit
2139 4317 2147 4324 ·

405 4433 409 4448 ·
558 4423 612 4487 1n
644 4391 824 4490 austria.
898 4401 1021 4493 Item
1052 4429 1220 4510 comes
1252 4398 1563 4492 Hermannus
1595 4394 1720 4488 lilius
1748 4394 1878 4517 regis
1910 4423 2070 4488 roma·
2235 4491 2243 4498 ,

557 4539 734 4606 norum
776 4545 949 4608 renum
981 4517 1180 4649 nauigio
1209 4513 1511 4612 descendere
1544 4514 1763 4636 cupiens.
1798 4538 1919 4641 cum
1950 4510 2065 4630 alije

351 4649 356 4658 ·
557 4630 650 4749 xvj.
681 4627 933 4728 nobilibus
954 4635 1294 4762 submergitur.
1323 4635 1437 4756 xiij‘f.
1457 4628 1696 4731 kalendas
1720 4628 1939 4748 Ianuarii.
1999 4749 2003 4760 ἱ

1851 4923 1857 4928 .
1914 4859 2004 4962 Μ’,
