4717 6050
509 482 559 514 -.
648 391 1447 518 nrrsc'ourraaav.
1684 405 1764 536 ru

297 645 443 744 betur
482 639 765 768 Vbicunque
797 643 850 735 in
880 640 1106 768 proximo
1147 635 1210 732 de
1241 640 1549 765 proprietate
1576 639 1706 762 regis
1739 640 1819 733 ins
1992 695 1995 700 -

186 803 188 806 ·
262 766 495 860 ¹uenitur
523 789 615 884 pro
646 754 988 884 supplemento
1022 754 1314 896 adscriptum
1345 755 1649 852 conceditur.
1709 753 1813 851 Sed

299 884 431 978 iuxta
465 876 596 973 dicta
625 876 800 971 incidit
862 877 991 970 ranis
1023 873 1220 999 quaestio
1265 872 1519 999 quomodo
1550 873 1621 968 isti
1663 889 1715 968 et
1745 875 1817 968 se·

334 1009 509 1092 nentes
540 993 761 1118 episcopi
792 905 860 1088 ob
907 1115 910 1120 Ι

298 1031 475 1212 {anctae
517 1111 838 1208 Laureacensr
882 1108 1093 1204 ecclesiae
1136 1138 1228 1232 per
1257 1109 1450 1204 sanctos
1484 1111 1818 1232 Imperatores

295 1231 560 1356 Philippos
604 1227 687 1321 fibi
728 1228 1169 1356 improprietatem
1213 1224 1399 1320 donata
1428 1226 1537 1319 sunt
1577 1227 1714 1320 iuxta
1742 1227 1816 1319 su·

294 1353 465 1475 petius
496 1344 642 1439 dicta.
702 1343 801 1438 Cur
833 1374 952 1469 ergo
983 1344 1151 1470 quieta
1180 1345 1341 1468 patria
1407 1341 1476 1436 ost
1504 1344 1816 1470 Vngarorum

298 1461 667 1560 conuersioncm
712 1463 928 1587 episcopi
973 1462 1056 1586 qui
1086 1375 1490 1555 Laureaceuiium
1521 1461 1667 1558 titulo
1709 1460 1818 1586 gio·

860 995 1139 1106 tinuerunt,
1169 1022 1261 1116 per
1283 992 1540 1118 priuilegia
1560 1022 1671 1114 quae
1693 991 1817 1085 alias·
1990 1083 1995 1086 ,
2076 974 2079 978 ’

295 1581 574 1693 dabantur,
614 1577 742 1674 adeo
785 1579 983 1674 deuotis
1014 1578 1406 1702 ‘imperatoribus
1460 1591 1515 1674 vt
1548 1579 1820 1722 Arnolpbo
1954 1592 1957 1597 ⁴
2056 1614 2060 1624 ·

296 1729 354 1792 ac
388 1698 494 1790 eius
524 1696 626 1790 filio
656 1694 918 1791 Ludouico
974 1711 1025 1789 et
1055 1695 1303 1820 praecipue
1335 1695 1398 1789 ab
1430 1697 1622 1805 Ottone
1652 1727 1819 1824 pnmo

257 1813 347 1910 ''et
377 1813 694 1939 sequentibus
727 1813 940 1908 ecclesiae
971 1813 1198 1948 suaeopro
1235 1815 1308 1904 ria
1349 1828 1400 1906 et
1428 1813 1643 1907 timiiiter
1670 1813 1821 1909 Pata·

138 1951 140 1955 ’
292 1930 466 2027 uiensrs
499 1930 701 2026 ecclesia
732 1929 826 2023 nbi
853 1929 1037 2023 restitui
1079 1932 1178 2019 1niu
1218 1959 1246 2020 e
1278 1928 1444 2022 ablata
1472 1959 1576 2022 non
1606 1930 1820 2055 postula·
1852 1978 1856 1987 ·

291 2063 409 2143 runt
467 2048 659 2142 Horum
691 2047 977 2170 neglectum
1018 2058 1070 2140 et
1101 2041 1297 2140 desidiae
1329 2060 1381 2139 et
1410 2041 1659 2141 stoliditati
1689 2078 1820 2174 pon·
1952 2052 1955 2058 ’

288 2165 476 2276 tificum
506 2163 738 2258 videntur
769 2161 1073 2276 adscribere,
1141 2161 1242 2258 uod
1270 2159 1557 2260 huiusmodi
1586 2161 1820 2262 detento·

290 2313 373 2378 res
405 2284 628 2416 quietata
654 2280 814 2404 patria
843 2310 946 2373 non
977 2191 1284 2404 postuiarunt
1312 2313 1342 2375 a
1364 2279 1459 2374 suis
1478 2281 1821 2407 possessoribus·

140 2427 147 2436 ·
290 2425 570 2510 remouen,
611 2427 775 2521 neque
819 2395 875 2489 id·
914 2398 963 2490 in
1008 2397 1100 2490 suis
1133 2397 1401 2523 priuilegijs
1432 2397 1598 2524 postea
1628 2400 1691 2494 ab
1720 2399 1819 2495 Im·

93 2529 94 2543 '
135 2574 141 2584 -
294 2513 609 2642 peratoribus
642 2528 694 2608 et
721 2515 920 2640 regibus
951 2516 1228 2638 impetratis
1258 2517 1437 2640 quouis
1469 2514 1623 2610 modo
1655 2520 1821 2642 expri-

291 2660 427 2770 mere
460 2621 728 2725 voluerunt
797 2630 900 2769 Sed
939 2643 994 2724 vt
1035 2631 1234 2726 videtur
1276 2632 1486 2771 quilibet
1516 2664 1688 2728 eorum
1729 2635 1847 2731 aiio'
1968 2710 1971 2727 .

294 2749 415 2875 qurd
445 2779 536 2870 pro
563 2745 763 2840 ecclesia
794 2746 985 2862 freolse,
1015 2748 1223 2842 fortassis
1249 2750 1419 2873 sprrrtu-
1438 2752 1686 2844 ractantiae
1706 2783 1822 2878 per·

224 2864 230 2876 ’
294 2868 418 2962 moti
458 2862 692 2957 asserebat
733 2863 782 2972 se
823 2864 921 2958 hoc
963 2865 1046 2957 vel
1076 2864 1200 2957 iilud
1235 2897 1263 2958 a
1294 2865 1381 2960 suo
1412 2865 1686 2960 charissimo
1728 2868 1823 2966 do·
1945 2874 1948 2881 ’

291 2983 435 3075 mino
474 2977 776 3105 impetra-sse,
819 2981 891 3073 vti
931 3010 1036 3075 rem
1077 2985 1276 3076 nouiter
1314 2985 1532 3107 gratuito
1569 2983 1821 3082 collatam.
1983 3053 1985 3056 -

294 3100 409 3219 Qua
450 3096 512 3190 de
548 3126 602 3189 re
645 3110 824 3189 notant
864 3094 1141 3219 Pilgrinum
1167 3099 1490 3223 Archiepisco
1525 3133 1610 3194 um
1647 3102 1817 3199 Abba·

246 3332 249 3341 Δ
294 3216 477 3309 ciolam
507 3212 577 3335 (in
589 3218 794 3347 margzizc
811 3130 1612 3337 Niederburg)sanctimoniaiium
1634 3219 1816 3343 inpar.

293 3348 348 3427 te
370 3328 618 3424 inferioris
651 3329 863 3434 cruitatis
894 3324 1193 3423 Patauiensrs
1224 3330 1288 3422 ab
1311 3332 1503 3427 Ottone
1527 3336 1689 3456 primo
1709 3352 1823 3431 tan·

293 3478 442 3575 quam
471 3446 648 3558 suam,-
667 3446 738 3537 vti
770 3446 903 3539 etin
933 3446 1109 3571 priuiie
1148 3448 1203 3541 ‘o
1229 3450 1512 3543 continetur
1542 3452 1608 3543 im
1647 3454 1822 3562 etraise
1982 3504 1985 3507 ·

45 3648 51 3715 Ι,
189 3658 190 3661 ¹
296 3594 406 3692 quae
449 3577 570 3699 tum·
598 3562 748 3691 longe
783 3576 899 3657 ante
941 3592 1033 3687 per
1066 3565 1118 3704 ip
1142 3593 1222 3657 um
1265 3564 1547 3693 episcopum
1627 3568 1819 3668 isoncnr
1991 3635 1994 3644 ·
2121 3589 2132 3600 ‘

296 3699 348 3777 et
379 3682 664 3797 Canonreos
702 3677 910 3774 fundata
938 3697 1282 3806 reperruntur,
1310 3697 1362 3777 et
1392 3682 1564 3789 dotata
1592 3719 1685 3813 per
1714 3689 1821 3784 Vns

291 3799 467 3895 ionem
498 3812 549 3891 et
577 3795 877 3891 Tassrlonem
909 3796 1061 3893 duces
1092 3796 1319 3894 Boiariae.
1421 3802 1487 3897 Et
1516 3804 1586 3897 ita
1615 3804 1728 3900 fere·
1752 3806 1823 3903 de

300 3914 530 4013 omnibus
559 3914 903 4009 successoribus
935 3930 1098 4028 actum-
1129 3917 1337 4011 asserunt
1379 3934 1433 4014 vt
1462 3950 1568 4015 non
1599 3924 1820 4021 alienum
1946 3964 1953 3984 ¹

298 4032 537 4162 gratuite,
575 4032 660 4124 sed
698 4034 954 4157 proprium
995 4032 1077 4127 srbi
1103 4033 1295 4129 'donari
1335 4036 1663 4159 postularent,
1732 4038 1819 4136 sed

301 4150 418 4247 absi-t
453 4166 513 4244 vt
544 4176 638 4273 ego
670 4147 778 4242 haec
808 4152 861 4243 in
891 4164 1058 4246 tantos
1089 4166 1256 4277 patres
1293 4152 1502 4251 audeam
1531 4155 1714 4283 fingere
1749 4161 1817 4253 vi-

300 4296 383 4363 ros
418 4269 703 4381 timoratos5
734 4267 947 4363 ecclesiae
979 4270 1233 4365 columnas
1272 4285 1324 4365 et
1346 4276 1531 4381 amicos
1555 4272 1666 4391 dei,
1694 4308 1821 4407 quo·

187 4476 192 4492 ,
301 4412 408 4481 rum
448 4386 617 4509 piures
648 4382 915 4478 incretum
945 4386 1222 4495 sanctorum
1263 4389 1586 4527 supputantur
1626 4400 1839 4488 vtae-1

177 4532 182 4539 ·
300 4500 430 4596 ditur
471 4501 582 4594 Imo
617 4504 780 4597 verius
824 4500 1171 4615 adscribuntur.
1262 4506 1392 4602 Hmc
1424 4510 1636 4605 arbitror
1678 4510 1818 4639 quod
1899 4608 1904 4619 ,

200 4624 207 4637 ’
299 4620 393 4714 viri
434 4614 655 4713 custoditi
696 4633 862 4739 erant,
898 4651 963 4715 nc
1006 4623 1153 4715 etiam
1195 4622 1412 4721 scandali
1449 4626 1617 4754 passim
1646 4627 1816 4724 forent
1872 4739 1875 4745 ⁸

290 4736 496 4837 ‘occasio
535 4750 587 4833 et
619 4762 680 4833 ea
720 4768 830 4865 quae
871 4738 1062 4957 suargm
1093 4739 1409 4839 ecclesiarum
1445 4750 1648 4959 promiti
1677 4778 1819 4840 mem

361 4916 368 4927 -
595 4868 601 4889 “
907 4928 908 4931 ¹
1031 4886 1106 4953 oo
1137 4886 1171 4955 a
1626 4864 1760 4960 'aare
