4717 6050
626 366 629 375 ⁵
729 449 808 512 ιω
952 366 956 377 “
1063 407 1115 499 u.
1170 382 1828 543 nnn'uannruourcr
1996 522 2005 543 .

672 656 803 723 cum
821 623 972 719 fillum
995 623 1191 720 Albcrti
1216 620 1391 717 ducem
1413 621 1603 718 Auarie
1634 590 1762 721 circa
1791 652 1978 719 annum
2003 621 2166 738 domini

680 744 938 864 Mecexiij
972 742 1107 839 Inter
1127 771 1255 870 quos
1278 738 1517 873 discordia
1543 740 1704 840 adhuc
1726 740 1883 837 durat
1906 756 2007 841 etc..

896 1092 995 1249 ²De
1028 1016 1218 1219 origine
1261 1107 1312 1189 et
1340 1090 1525 1189 ordine
1549 1088 1730 1227 ducum
1758 1094 1960 1191 Austrie.

494 1302 502 1319 ⁸
665 1402 668 1411 .
800 1328 933 1467 Quia
975 1340 1202 1451 tempore
1247 1326 1428 1422 ducum
1471 1326 1687 1425 bawarie
1738 1328 1876 1423 ortus
1918 1327 1983 1423 cll
2021 1325 2162 1424 austrie

680 1446 983 1576 principatus
1025 1442 1384 1584 consequenter
1430 1445 1535 1571 poll
1578 1443 1840 1584 prehabita
1884 1445 2164 1570 Katbalogus

683 1566 861 1706 ducum
895 1558 1065 1701 austrie
1096 1561 1351 1656 ordmatur
1381 1560 1483 1657 Sed
1517 1592 1649 1700 pnus
1679 1558 1743 1655 de
1765 1566 1938 1776 gentis
1963 1566 2062 1658 eius
2090 1564 2163 1654 ori·

646 1674 1599 1938 *disesdssoslgsillisdssal
1616 1694 1770 1918 sila
1785 1674 2162 2006 {lissjlepllss

683 1916 909 2012 tnonalrs
951 1914 1098 2040 plaga
1140 1933 1327 2039 quanto
1366 1915 1565 2039 longius
1595 1913 1735 2010 dislat
1773 1914 1922 2008 abar
1959 1910 2161 2008 oresolu

681 2049 736 2129 et
774 2028 954 2159 frigida
994 2030 1058 2125 de
1098 2031 1296 2129 niuibus
1338 2046 1480 2126 tanto
1522 2032 1736 2129 saniores
1779 2030 1940 2128 habet·
1962 2030 2159 2125 homines

686 2168 737 2247 et
777 2179 839 2244 eo
883 2180 912 2243 a
949 2150 1054 2243 cior
1095 2147 1161 2243 esl
1198 2149 1262 2247 ad
1302 2148 1698 2272 multiplicandas
1737 2163 1913 2275 gentes
2002 2148 2055 2240 In
2089 2146 2161 2237 hac

685 2269 895 2395 plagae
966 2263 1179 2391 quedam
1215 2264 1737 2372 insulascandinauia
1778 2266 1913 2362 dicta
1953 2267 2070 2359 circa
2092 2261 2159 2351 flu·

685 2416 799 2481 men
840 2382 989 2479 fistule
1031 2385 1115 2509 qui
1144 2385 1444 2508 germaniam
1465 2399 1526 2479 ‚et
1555 2384 1772 2479 schitiam
1791 2370 2159 2478 'determinante

523 2524 526 2547 ’
687 2534 784 2630 qua
830 2503 984 2595 multe
1026 2516 1202 2638 gentes
1250 2516 1456 2627 propter
1496 2498 1891 2600 habundanciam
1940 2498 2159 2593 hominum

687 2634 926 2716 exeuntes
963 2616 1278 2712 Germaniam
1322 2632 1375 2710 et
1403 2616 1638 2713 Scithiam
1668 2620 1977 2713 intrauerunt
2005 2606 2158 2708 diuerse

532 2824 535 2830 Α
688 2735 941 2833 vocabulis
986 2748 1037 2827 et
1079 2735 1204 2828 locis
1306 2733 1442 2826 Inter
1472 2751 1659 2830 ceteras
1690 2733 1807 2838 inde
1840 2736 2061 2828 exierunt
2085 2725 2158 2820 due

687 2856 925 2947 naciones
956 2850 1138 2943 scilicet
1169 2849 1312 2944 Ollro
1347 2850 1466 2943 otbc
1501 2867 1553 2945 et
1582 2852 1867 2979 Wisgothe.
1929 2849 2081 2943 Prima
2103 2869 2158 2935 re·

611 2972 614 2981 '
686 2968 812 3066 sedit
843 2969 897 3060 in
917 2965 1134 3060 Schitbia
1164 2965 1264 3063 sew
1330 2970 1548 3062 annonia
1590 2968 1745 3066 altera
1786 2970 1926 3077 secus
1955 2958 2158 3060 meotides

687 3083 917 3214 palludes
946 3085 1235 3179 iuxta‘mare
1256 3087 1513 3212 ponticum
1544 3084 1835 3182 dicebantur
1853 3103 2017 3182 autem
2034 3078 2158 3176 auro·

688 3201 840 3330 gothe
882 3200 976 3294 srue
1008 3231 1039 3292 a
1067 3199 1214 3326 plaga
1255 3199 1427 3296 mundi
1468 3233 1564 3327 que
1605 3203 1688 3297 s1ta
1729 3201 1794 3299 est
1833 3205 1999 3298 versus
2035 3198 2159 3292 orien·

581 3421 585 3428 ,
689 3335 790 3416 tem
832 3318 925 3410 sue
958 3348 987 3410 a
1016 3321 1220 3419 nomme
1259 3320 1328 3414 sui
1357 3322 1486 3441 regis
1530 3320 1716 3414 Eorum
1758 3349 1961 3447 quoque
2000 3311 2159 3444 provin:

690 3439 766 3532 cia
796 3435 927 3560 cepit
958 3467 986 3527 a
1015 3435 1245 3529 laureaco
1278 3433 1404 3530 anesi
1436 3437 1609 3532 versus
1630 3439 1872 3536 orientem
1917 3439 2081 3533 Verum
2100 3449 2159 3552 qul

691 3570 743 3650 ct
772 3566 896 3680 quot
938 3549 1139 3646 fuerunt
1179 3551 1280 3646 nbi.
1302 3582 1445 3678 reges
1484 3583 1589 3648 non
1631 3554 1742 3650 satis
1774 3568 1927 3680 patet
1959 3553 2013 3649 vs
2038 3577 2089 3644 ue
2112 3534 2158 3635 ad

689 3666 1034 3766 theodoricum
1075 3669 1160 3807 qui
1179 3669 1339 3764 missus
1365 3700 1396 3762 a
1415 3671 1597 3765 senone
1621 3671 1930 3797 Imperatore
1953 3583 2046 3767 Sul
2066 3663 2158 3759 sim·

531 3777 567 3878 ,’
688 3789 842 3914 plicio
919 3816 1012 3909 apa
1053 3815 1183 3880 circa
1223 3815 1404 3883 annum
1446 3787 1637 3882 domini
1677 3790 1844 3883 ccccl.
1877 3788 2158 3886 odochanu

552 4131 556 4140 ¹
689 4023 757 4116 lia
786 4019 966 4114 resedit
1044 4019 1190 4114 Hunc
1271 4021 1370 4114 heo

689 3934 858 4032 regem
939 3931 1148 3996 unorum
1179 3933 1205 3995 a
1243 3919 1299 3997 ut
1322 3904 1635 4115 Aguilcgiam
1660 3910 1926 4117 ocgparfrit
1948 3923 1997 4116 ctt
2019 3907 2064 4040 in
2074 3909 2157 4108 yffi

1408 4052 1594 4115 oneum
1660 4057 1707 4118 u1
1774 4056 1822 4115 m
1874 4056 1965 4119 anc
1988 4049 2088 4116 1111

689 4141 743 4232 in
775 4135 926 4232 ollam
965 4135 1176 4231 Vulcani
1215 4138 1387 4262 proijci
1426 4155 1483 4235 vt
1512 4055 1675 4235 seriblt
1704 4146 1897 4235 sanctus
1929 4129 2160 4261 Gregorius

629 4265 633 4272 '
690 4256 821 4350 Item.
846 4252 1026 4377 legitur
1066 4253 1210 4377 quod
1243 4257 1409 4349 Eicius
1439 4257 1674 4380 patricius
1713 4275 1813 4352 tem
1854 4289 1942 4354 ore
1981 4255 2153 4377 Valenti·

690 4373 827 4469 niani
867 4367 1060 4463 easdem
1101 4387 1275 4496 gentes
1314 4376 1531 4467 romanis
1561 4374 1773 4469 subdidit
1811 4290 1870 4469 In
1902 4405 1999 4501 quo
2027 4359 2152 4465 confir·
2247 4484 2248 4487 Ν

637 4597 638 4600 ¹
693 4505 777 4583 ctu
817 4487 951 4581 Inter
991 4501 1180 4582 ceteras
1220 4489 1480 4585 Pannonia
1524 4503 1575 4581 et
1615 4492 1827 4590 bawarie
1862 4496 2070 4586 ciuitates
2094 4474 2152 4608 dc:

692 4605 865 4700 structe
896 4601 1018 4698 sunt
1048 4605 1318 4701 laureacus.
1347 4608 1529 4731 Aquile
1564 4609 1610 4700 ia
1641 4623 1691 4702 et
1720 4609 1941 4705 Venecia
1978 4630 2082 4733 quas
2095 4588 2153 4733 ‘ibl

480 4731 493 4747 ’
553 4797 557 4804 =
607 4845 609 4849 ¹
696 4722 816 4826 aula
854 4750 943 4816 rex
970 4718 1251 4854 subdiderat
1338 4724 1464 4853 Item
1542 4725 1670 4824 arses
1698 4726 1933 4854 patricius
1962 4756 1991 4821 a
2017 4713 2153 4930 111πῴἒο

935 4911 937 4918 -
1970 4866 2055 4938 con
2099 4927 2102 4930 ,
