4717 6050
630 450 706 531 nr
923 402 1727 558 Ι«αεσιῐιιιτονηη

583 659 716 727 nune
755 626 1054 766 Ratiipona‚
1113 626 1247 721 ferro
1286 639 1339 721 et
1375 626 1569 720 flamma
1609 624 1851 721 destruxit.
1928 625 2097 724 Prima
2175 702 2180 707 -

584 750 690 843 eius
724 748 931 882 victoria
961 742 1095 868 apud
1127 744 1359 881 Ottingas
1395 758 1568 879 contra
1589 743 1881 859 Romanos,
1912 743 2097 841 deinde

585 859 719 989 apud
749 859 1032 989 Mrttewald
1063 875 1115 954 et
1144 862 1390 997 Sterzrng2
1418 861 1601 954 deinde
1631 862 1779 998 vique
1812 860 1876 954 ad
1899 860 2093 997 Clausus

589 995 642 1117 et
679 976 951 1115 Bolsanum·
975 977 1146 1115 fugere
1178 980 1428 1115 compulit.
1488 978 1794 1120 Haecpatna
1829 979 1932 1119 post
1968 977 2095 1070 ddu-

582 1126 719 1193 urum
740 1094 1009 1232 Zlauopra,
1041 1093 1223 1231 demde
1247 1096 1447 1233 Gortrra
1468 1094 1556 1213 (tta
1578 1099 1973 1231 radeturscrzptum
1992 1098 2094 1233 ff)

569 1209 1193 1547 {iioiibi'dssa’nissffnii
1219 1210 2097 1450 {tritridttttnffttdt

633 1446 797 1550 auaria
832 1443 897 1538 est
925 1473 1092 1538 nuncu
1130 1461 1235 1560 ata,
1266 1445 1395 1541 Nam
1426 1446 1508 1537 [ub
1542 1445 1820 1540 Octauiano
1851 1446 2091 1569 Augusto,

585 1580 640 1658 et
670 1561 917 1655 auunculo
950 1562 1057 1655 eius
1087 1477 1215 1656 fulio
1246 1592 1473 1656 necnon
1505 1560 1667 1653 Druso
1708 1574 1759 1653 et
1798 1559 2099 1658 Germanico

581 1676 741 1817 fugati
769 1677 878 1770 sunt
906 1674 1089 1797 Boiarij
1122 1692 1173 1771 et
1202 1676 1373 1773 Norici
1402 1710 1431 1771 a
1461 1681 1620 1803 patria
1649 1678 1727 1769 sua
1752 1691 1803 1769 et
1825 1677 1965 1799 poirti
1988 1679 2097 1775 sunt
2208 1758 2211 1761 .

581 1793 770 1914 ibrder‘n
805 1792 1022 1917 Sergotti
1052 1792 1169 1888 idest
1198 1793 1452 1917 Riparioli.
1496 1794 1704 1889 scientes
1741 1792 1956 1916 linguam
1996 1794 2092 1889 Ro-

581 1942 806 2024 manam‚
866 1911 951 2033 qui
993 1909 1294 2005 durauerunt
1331 1941 1486 2036 vsque
1530 1909 1592 2004 ad
1632 1908 1927 2003 Theodonis
1957 1910 2093 2007 ducis

401 2062 406 2069 ·
583 2044 811 2150 tempora
841 2041 896 2118 vt
924 2026 1252 2151 praemiffum„
1284 2026 1406 2122 Haec
1438 2054 1556 2151 ergo
1587 2026 1928 2121 Laureacenfis
1949 2031 2092 2123 inter

591 2146 712 2240 alias
743 2143 917 2239 harum
945 2145 1159 2268 partium
1189 2145 1412 2250 ciuitates
1451 2148 1608 2269 prima
1649 2142 1854 2257 meruit,
1893 2141 2008 2237 fidei
2044 2161 2092 2241 et

469 2338 473 2345 ,
582 2260 845 2385 Euangelij
910 2260 1229 2355 raedicatores
1250 2260 1511 2386 suscipere,
1542 2291 1634 2386 per
1655 2258 1853 2353 beatum
1882 2259 2088 2355 Petrum.

585 2376 838 2477 mediante
869 2290 1019 2471 doato
1050 2376 1251 2491 Marco,
1282 2379 1367 2500 qui
1396 2378 1648 2503 postquam
1689 2375 1864 2469 Romae
1906 2377 2048 2501 script
2070 2431 2095 2453 ι

583 2509 662 2595 rat
690 2493 1032 2619 Euangelium.
1105 2492 1205 2586 uod
1251 2495 1426 2588 Petrus
1468 2494 1723 2620 probauit,
1784 2506 1834 2588 et
1875 2493 2096 2613 Ecclcsrjs

582 2606 848 2738 legendum
879 2610 960 2704 fua
990 2524 1288 2704 autiioritate
1326 2610 1466 2705 dedit
1496 2612 1572 2733 (vt
1599 2610 1933 2729 Hieronmus
1969 2615 2020 2705 in
2037 2613 2094 2705 li·

584 2728 677 2831 bro
710 2722 774 2821 de
806 2728 922 2823 viris
964 2726 1223 2821 illustribus
1270 2726 1496 2847 affirmat)
1548 2725 1611 2820 ad
1653 2728 1701 2822 A
1737 2640 1934 2819 uiidiam
1975 2759 2097 2853 prae·

585 2840 824 2970 grandem
858 2845 1106 2939 ciuitatem
1140 2844 1183 2937 E
1220 2844 1411 2965 iscopus
1444 2845 1679 2956 mittitur,
1703 2756 1883 2969 <ibique
1919 2841 2093 2939 doctri-

582 2992 650 3062 na
687 2972 738 3052 et
771 2958 1018 3094 mirac-ulis
1044 2875 1340 3075 clareidens,
1370 2957 1545 3066 beatos
1569 2960 1918 3064 Hermacoram
1950 2992 2093 3088 quem

533 3186 540 3197 ,
584 3075 708 3176 inibi
744 3074 992 3170 ordmauit
1023 3069 1304 3213 episcopum
1336 3105 1428 3200 pro
1469 3077 1554 3192 ie,
1583 3093 1634 3196 et
1675 3077 1979 3174 fortunatum
2023 3112 2098 3175 ar-

575 3191 930 3288 chidiaconum
964 3192 1190 3308 instituit,
1230 3208 1285 3308 et,
1310 3223 1401 3316 per
1437 3193 1634 3288 eosdem
1673 3193 1737 3287 ad
1780 3195 1869 3290 has
1915 3196 2098 3294 nostras

587 3339 698 3435 oras
729 3306 984 3434 Euangelij
1008 3307 1345 3433 predicatores
1381 3308 1660 3426 destinauit,
1690 3312 1825 3406 Inter
1856 3343 1983 3437 quos
2004 3313 2100 3442 sy-

583 3457 665 3526 rus
701 3424 785 3549 qui
818 3423 1023 3549 Papiam
1053 3425 1212 3521 misius
1246 3441 1298 3520 et
1330 3426 1572 3522 Euentius
1604 3427 1849 3546 Brixiam,
1910 3435 2094 3557 etqui·

584 3547 703 3642 dem
733 3537 1030 3638 Laurentius
1060 3543 1223 3638 extitit
1254 3545 1339 3667 qui
1365 3542 1669 3640 Laureacum
1693 3567 1804 3638 cum
1831 3547 1937 3667 aliis
1959 3553 2094 3647 veuit

481 3760 491 3772 ,
581 3658 952 3790 prenominatis.
1022 3661 1071 3754 A
1103 3691 1206 3784 quo
1249 3675 1303 3753 vt
1343 3659 1635 3786 quibusdam
1677 3663 1828 3756 visum
1876 3661 1942 3757 est
1981 3698 2093 3791 pro·

407 3784 411 3797 “
619 3794 695 3873 ter
729 3773 1050 3891 ¹heatiilimam
1086 3775 1480 3872 Laureacensem·
1516 3809 1700 3872 nornen
1743 3795 1793 3873 et
1833 3777 1980 3877 fidem
2019 3784 2096 3876 sn·-

579 3813 761 4022 fcepit‚
791 3886 873 3984 vel
902 3905 959 3984 vt
988 3893 1092 4014 aliis
1125 3895 1278 3990 visum
1309 3892 1378 3989 eu
1411 3908 1624 4019 propter
1657 3895 1975 3992 beatiiiimum
2019 3930 2089 3993 ar·

581 4009 926 4116 chidiaconum
955 4005 1276 4105 Laurentium
1306 4013 1391 4136 qui
1419 4028 1642 4152 tempore
1674 4013 1754 4106 sue
1779 4014 2107 4118 exaltationis·

523 4235 525 4241 s
577 4161 669 4259 per
700 4121 1009 4218 Gordianum
1040 4127 1393 4252 imperatorem
1428 4131 1536 4256 (qur
1562 4128 1818 4226 Gordiani
1858 4130 2094 4232 clarissimi

580 4248 680 4362 uiri¹
715 4271 780 4359 ex
814 4237 913 4333 filia
952 4273 1112 4368 nepos
1154 4249 1341 4360 extitit,
1384 4263 1435 4340 et
1480 4247 1758 4342 Germanos
1803 4246 1987 4360 deuicit
2030 4282 2085 4348 ac

576 4365 715 4498 graui
733 4356 936 4494 praeiio.
951 4359 1133 4486 preisrt)
1162 4362 1377 4476 exaltata
1398 4365 1494 4479 eii,
1524 4367 1591 4459 Et
1623 4396 1772 4492 quem·
1798 4365 2088 4486 redeuntem
2218 4455 2224 4464 ,
2308 4386 2310 4455 :

577 4472 840 4584 sparum
882 4507 936 4568 sn·
968 4479 1103 4574 Solio
1136 4472 1366 4578 Romano
1405 4481 1572 4601 Philip
1609 4507 1692 4577 uss
1714 4483 1944 4581 succeffor
1977 4487 2091 4582 suus

576 4596 788 4699 occidit,
818 4603 869 4680 et
899 4594 984 4718 qui
1013 4596 1097 4692 iub
1129 4599 1297 4694 Decio
1322 4631 1416 4724 pro
1447 4514 1631 4696 Chrido
1662 4631 1765 4694 non
1794 4601 1944 4728 longe
1991 4604 2085 4697 cla·

296 4737 304 4752 ·
470 4797 475 4810 ,
562 4700 809 4844 1513.thst
834 4703 1074 4840 Augustos
1099 4719 1319 4816 martirio
1343 4717 1600 4842 occubuit,
1629 4720 2083 4823 Laureaeenirsno·

663 4907 666 4914 ,
1597 4910 1600 4914 -
1756 4935 1761 4944 ,
1905 4871 2025 4937 meu
2041 4887 2052 4904 ··
