4717 6050
768 448 1011 531 crinon.
1038 450 1403 533 averniae.
1585 405 1587 410 ’
1634 489 1637 494 ·
1706 484 1778 560 293

312 654 376 753 de
390 669 558 753 cetero
581 653 741 757 ereo
755 654 920 780 placet
931 652 1147 749 redituri.
1170 656 1348 755 Amen.
1409 655 1521 751 Hoc
1535 658 1681 752 ctiam
1694 688 1827 755 anno
1855 695 1861 708 ·

311 772 464 869 abbas
494 772 867 869 Admundenlis.
901 768 1061 867 Stirie.
1099 772 1241 869 seuus
1273 786 1475 868 exactor
1504 788 1743 901 tyrannus
1777 792 1829 873 et
1922 860 1928 867 .
2036 894 2038 897 Ι

311 892 566 985 hominum
608 904 780 985 tortor.
821 919 851 982 a
916 886 1096 985 uodam
1126 891 1211 984 suo
1243 906 1456 1016 cognato
1495 893 1549 984 in
1578 890 1711 987 lecto
1742 893 1826 991 suo
1970 975 1973 980 ,

307 1007 574 1134 sagittatus.
605 1006 771 1131 postea
801 920 974 1148 glaiijs
1005 1022 1056 1102 et
1086 1007 1300 1102 cultellis
1332 1006 1590 1104 confossue
1627 1007 1826 1105 demum

309 1127 472 1249 capite
501 1138 768 1219 truncatus.
799 1126 1107 1248 msanguine
1129 1126 1215 1218 suo
1246 1125 1491 1221 volutans.
1522 1141 1576 1220 tu
1637 1126 1732 1218 iter
1755 1127 1826 1219 vi·
1921 1170 1926 1179 ·

303 1254 407 1335 tam
438 1240 610 1337 finiuit.
659 1254 710 1335 et
740 1244 826 1367 qui
868 1243 993 1336 alios
1021 1242 1135 1365 sepe
1171 1245 1485 1337 cruciauerat
1523 1258 1574 1337 et
1662 1241 1825 1339 iuerm
1962 1332 1967 1339 .

306 1358 548 1459 mortibus
579 1358 821 1455 affecerat.
850 1362 958 1485 pari
1023 1390 1118 1481 ena
1184 1360 1349 1453 unitus
1380 1360 1470 1473 est,

287 1568 290 1575 ⁴
421 1474 513 1571 Μ’.
533 1477 743 1599 ccxcvij.
774 1476 895 1573 Dux
925 1508 988 1571 au
1047 1477 1095 1571 ie
1126 1390 1359 1571 aibertus.
1384 1507 1446 1570 ex
1484 1476 1575 1570 ulit
1605 1472 1669 1570 de
1693 1490 1826 1573 terra

307 1604 359 1727 et
400 1592 676 1689 confinibus
715 1594 810 1688 suis
848 1594 1060 1718 probum
1090 1594 1254 1693 virum
1286 1626 1344 1688 ac
1374 1508 1696 1719 solibmpnem
1725 1594 1824 1689 Mi·
1985 1644 1991 1649 ·

304 1706 598 1805 msterialem
626 1711 902 1809 Dominum
942 1711 1027 1806 De
1057 1709 1314 1823 Sumeraw
1355 1709 1619 1805 confractis
1662 1710 1824 1807 castris
1876 1796 1886 1809 .

233 1926 235 1932 k
305 1836 356 1917 et
400 1824 650 1922 destructis
693 1828 1056 1923 municionibus
1096 1828 1205 1921 suis.
1261 1826 1357 1953 qui
1385 1827 1625 1923 transtulit
1665 1830 1715 1922 se
1735 1916 1738 1920 ,
1756 1827 1822 1921 ad

301 1968 472 2068 regem
494 1942 848 2041 Romanorum.
883 1961 933 2039 et
963 1942 1125 2038 verbis
1156 1976 1213 2038 ac
1246 1944 1452 2065 consilijs
1481 1944 1575 2039 suis
1607 1975 1723 2069 erga
1744 1976 1821 2040 re·
1975 1998 1979 2003 Δ

294 2080 413 2271 §em
456 2059 747 2186 predictum.
787 2061 943 2154 multa
971 2060 1102 2153 mala
1131 2062 1416 2181 procurauit
1443 2059 1581 2153 Duci
1609 2059 1819 2178 prefato.

267 2278 269 2284 ,
345 2174 496 2271 odem
543 2206 676 2271 anno
719 2179 773 2271 in
804 2175 949 2271 estate
991 2175 1148 2269 multo
1187 2174 1367 2299 plures·
1385 2174 1614 2269 homines
1644 2178 1697 2269 in
1726 2176 1819 2270 Di·

299 2292 445 2389 uersis
488 2294 627 2389 locis.
669 2292 876 2387 fulmine
918 2294 1183 2417 perierunt
1222 2312 1370 2415 'quarn
1411 2293 1548 2417 prius
1578 2307 1724 2401 antea
1764 2294 1820 2389 in

301 2409 471 2503 multis
512 2411 674 2506 annis.
697 2408 918 2505 auditum
943 2408 1024 2535 sit.
1066 2409 1136 2502 ita
1177 2406 1313 2532 quod
1355 2409 1409 2503 in
1437 2407 1581 2503 messe
1602 2411 1676 2517 ,in
1715 2439 1817 2504 vno

301 2552 494 2650 campo.
537 2539 655 2621 octo
694 2525 940 2621 fulminati
981 2527 1286 2619 interierunt.
1373 2522 1570 2621 Eodem
1600 2555 1733 2620 anno
1764 2539 1818 2623 et

299 2652 526 2779 tempore
580 2642 860 2777 supradicto
912 2642 1040 2735 circa
1078 2640 1351 2737 solsticium.
1397 2642 1601 2737 verbum
1643 2670 1817 2737 verum

295 2753 713 2883 beatr.-Augustmi
743 2759 1015 2881 impletum·
1031 2753 1107 2853 est.
1130 2757 1383 2851 Dicentis.
1399 2757 1718 2882 01mposlibile
1749 2759 1814 2855 est

296 2869 426 2967 bene
476 2878 614 2969 mori.
667 2876 751 2999 qui
791 2872 920 2969 male
961 2876 1095 2969 vixit.
1169 2874 1294 2967 Item
1333 2872 1432 2969 fine
1472 2875 1605 2969 malo
1651 2875 1814 2970 claudi

296 2986 487 3118 semper
533 2992 635 3088 vita
676 2991 806 3086 mala
846 3004 1072 3091 meretur.
1113 2986 1243 3086 Nam
1272 2988 1401 3088 filius
1433 2991 1681 3088 cuiusdam
1710 2993 1810 3088 Vn·

294 3110 410 3320 im
454 3107 662 3206 Comitis
703 3109 895 3204 Ywani.
949 3109 1102 3204 homo
1145 3109 1316 3205 malua.
1368 3106 1527 3318 godo
1570 3110 1810 3234 pessimus.

328 3239 411 3318 cut
451 3224 619 3319 multis
663 3228 807 3341 annis
848 3227 1011 3320 extitit
1084 3238 1190 3316 ater
1230 3226 1335 3318 eius
1430 3227 1565 3318 iuina
1600 3227 1809 3324 Vlcione

294 3343 395 3434 ictu
426 3339 643 3436 fulminis
673 3353 895 3437 mortuus
927 3338 1003 3438 est.
1067 3369 1092 3431 c
1124 3337 1296 3434 austria
1319 3340 1530 3447 liberata
1555 3340 1620 3435 cst
1643 3343 1706 3456 ab
1729 3373 1813 3439 eo.

294 3457 421 3552 Item
461 3455 640 3552 eodem
669 3457 835 3572 Anno.
864 3453 990 3554 Rex
1020 3453 1360 3554 Bohemorum
1390 3457 1714 3557 wenceslaus
1755 3463 1809 3554 in

294 3572 653 3670 Penthecosten
698 3604 808 3671 cum
850 3569 1179 3671 inestimabili
1210 3571 1541 3672 sollemnitate
1582 3578 1722 3674 acin
1753 3579 1807 3672 in

296 3690 565 3789 enarrabili
592 3692 847 3792 hominum
878 3687 1206 3790 multitudine.
1236 3719 1270 3788 u
1328 3704 1426 3788 ote.
1446 3692 1609 3812 xxviij.
1628 3693 1806 3818 princi·

329 3806 439 3901 ibus
481 3807 665 3907 ibidem
705 3807 1117 3908 conuenientibus
1156 3820 1259 3903 tam
1317 3809 1607 3906 ocularibus.
1659 3841 1806 3934 quam

292 3837 635 4064 Haintualibrrs.
673 3926 743 4022 ita
784 3922 929 4050 quod'
948 3924 1106 4049 Praga
1136 3923 1219 4021 sua
1249 3925 1436 4021 ciuitas.
1466 3939 1655 4023 tantam
1684 3928 1806 4022 mul·-

292 4039 554 4141 trtudinem
592 4042 849 4153 hominum
891 4071 1065 4166 capere
1101 4043 1381 4166 nequiebat.
1423 4041 1589 4139 sedin
1620 4048 1804 4170 campis

293 4187 402 4254 cum
426 4159 646 4254 curribus
672 4159 766 4252 suis
799 4175 850 4254 et
879 4159 1103 4273 tentoriis
1135 4187 1196 4253 co
1231 4159 1441 4255 ebantur
1468 4189 1682 4257 manere.
1714 4192 1805 4287 pec

292 4303 465 4374 manus
496 4278 985 4415 archiepiscoporum.
1029 4289 1080 4370 et
1113 4279 1192 4401 ep'
1217 4304 1488 4401 coporum„
1511 4307 1698 4376 corona
1728 4309 1803 4372 re·

292 4391 391 4516 gali
419 4391 628 4516 gloriose
658 4424 710 4496 tn
734 4423 899 4518 regem
930 4390 1267 4492 Bohemorum
1297 4391 1468 4493 sollem
1504 4396 1634 4488 niter
1662 4425 1803 4495 come

291 4508 545 4604 natusest.
604 4509 763 4612 Simili
793 4507 958 4608 modo.
994 4510 1207 4635 gloriosa
1228 4525 1453 4606 matrona
1537 4541 1600 4612 eo
1632 4527 1683 4610 et
1712 4514 1801 4614 ho·
1930 4586 1933 4592 -
2033 4523 2037 4528 ’

290 4621 504 4722 minibus
532 4625 734 4728 Dilecta
776 4642 826 4725 et
866 4627 1048 4724 deuota
1090 4657 1215 4725 vxor
1246 4629 1364 4728 eius.
1407 4659 1507 4754 qua
1533 4657 1802 4755 numquam

290 4739 384 4839 tuit
415 4739 605 4866 dignus.
634 4745 817 4845 nobilia
847 4747 981 4872 regia
1009 4742 1256 4986 Ιὸιιὲεὲοὶῆ.
1292 4745 1800 4962 quondamrofflrlro·
