4717 6050
113 1978 116 1982 ·
273 1938 486 2036 formam
520 1940 633 2037 vide

504 446 510 453 ·
596 442 1028 548 srrscoer
1103 440 1419 529 rarat.
1577 452 1580 455 ·
1663 474 1741 551 44,

279 648 717 867 Archiepisc'opum
751 652 855 747 eius
889 648 1120 745 successor
1151 646 1302 744 suerit
1333 651 1482 786 vsque
1514 647 1577 745 ad
1612 682 1796 751 annum

281 772 473 871 domim
510 768 591 865 CC
634 769 687 865 C.
719 769 804 867 vel
837 770 964 863 circa
996 782 1246 861 exaratum
1287 799 1389 864 non
1420 771 1621 882 inueni,
1664 774 1795 866 circa

281 922 379 1105 pue
411 904 637 1015 tempora
665 883 963 982 Patauiensis
995 885 1166 979 ciuitas
1187 885 1409 981 scribitur
1432 885 1676 1000 desolata,
1707 886 1793 981 Ni·
1930 954 1939 966 .

301 1043 314 1104 ι

348 1004 483 1135 quod
517 1019 759 1134 regnante
788 1000 958 1097 Rodol
995 1001 1063 1095 ho
1094 1000 1434 1099 Romanorum
1473 1034 1591 1143 rege
1633 1007 1794 1129 primo
1899 1106 1908 1120 χ
2053 1098 2057 1107 .

278 1125 364 1231 sub
393 1123 651 1219 Bernardo
694 1153 722 1216 e
758 1121 855 1215 isco
895 1034 1257 1232 osatauienfi,
1297 1152 1407 1214 cum
1457 1152 1591 1215 crues
1640 1125 1795 1216 eccle·

223 1264 227 1271 ·
269 1241 392 1337 siam
425 1154 813 1353 Laureaceusdm
844 1154 998 1363 ssrunc
1028 1266 1149 1331 vero
1179 1237 1476 1333 Anesensem
1506 1240 1795 1369 vocitatam)

278 1391 342 1454 ex
376 1357 609 1453 vetustate
645 1358 836 1451 ruinam
879 1356 1149 1447 minantem
1190 1354 1544 1467 reformarent,
1573 1355 1796 1450 quentae

273 1476 465 1570 suntin
497 1471 821 1585 fundamento
853 1468 1077 1597 quaedam
1108 1472 1347 1597 imagines
1386 1504 1415 1566 a
1454 1486 1595 1597 parte
1637 1476 1797 1569 orien-

276 1594 366 1686 tali
400 1590 612 1686 ecclesrae
642 1589 849 1685 fortaslis
880 1584 1200 1682 fundatorum
1232 1587 1452 1683 eiusdem
1486 1619 1595 1684 cum
1641 1590 1797 1687 literis

275 1709 327 1802 la
366 1708 527 1803 idibus
559 1708 809 1833 insculptis
876 1736 1046 1799 uarum
1089 1721 1255 1800 tamen
1298 1707 1594 1833 composicio
1637 1706 1688 1802 et
1726 1712 1799 1802 in·

278 1740 512 1920 teilectus
544 1824 605 1919 ad
636 1738 904 2037 plenum‘b

672 1958 780 2036 atur
815 1938 1097 2034 insinuare·
1129 1939 1407 2033 Secunuius
1444 1942 1798 2038 secuncidinus.

272 2075 375 2157 vet.
409 2060 504 2200 leg.
539 2061 676 2271 talsp
708 2056 884 2153 emula.
926 2056 1135 2150 senecio.
1178 2071 1399 2150 conatus.
1441 2056 1593 2151 srbito.
1634 2058 1802 2154 sectio.
1873 2086 1885 2099 ·’

908 1823 1044 1917 aberi
1073 1853 1177 1921 non
1208 1825 1384 1947 potuit.
1445 1824 1588 1920 Hanc
1631 1840 1799 1921 tamen
1955 1900 1962 1909 .
2068 1877 2073 1885 =

136 2294 140 2305 ι
273 2176 559 2273 secund1n0.
638 2204 732 2281 rue.
762 2170 932 2292 Marijs
963 2176 1177 2268 maximo
1210 2189 1260 2267 te
1292 2172 1505 2269 secundo
1530 2177 1797 2313 nepotibus
1972 2238 1976 2247 -

270 2292 368 2389 suis
399 2295 504 2390 viui
534 2293 762 2387 fecerunt
791 2306 843 2384 te
875 2292 1006 2384 etin
1050 2310 1183 2385 anno
1213 2324 1325 2400 xxv.
1394 2291 1516 2395 Nec,
1548 2324 1723 2386 mrrum
1766 2294 1799 2389 st

272 2408 369 2502 hec
407 2424 546 2503 extra
575 2409 864 2504 memoriam
894 2406 1108 2502 deducta
1148 2410 1257 2503 sunt
1295 2409 1552 2503 hominum
1628 2426 1799 2537 ropter

310 2526 572 2623 rauilsrmas
604 2527 970 2651 persecutiones
1013 2525 1185 2617 harum
1227 2528 1439 2649 partium
1480 2524 1699 2647 fidemm
1740 2560 1798 2623 ac
1974 2636 1977 2640 ¹

270 2555 418 2741 sutus
440 2644 711 2767 proninciae
737 2644 872 2737 varia
898 2641 1142 2736 bellorum
1167 2659 1341 2739 exorta
1364 2643 1663 2760 discrimina,
1694 2648 1797 2773 qui·

138 2808 142 2821 ·
271 2760 365 2855 bus
396 2758 579 2853 nedum
610 2760 726 2855 villa
766 2760 836 2872 'a,
867 2758 951 2853 sed
987 2773 1038 2851 et
1076 2759 1300 2854 ciuitates
1333 2775 1384 2855 et
1421 2760 1687 2857 fortissimae
1721 2794 1799 2857 vr·

270 2877 348 2972 bis
388 2874 676 2971 omnimodo
746 2875 1006 2970 esolationi
1038 2889 1331 2999 patuerunt,
1361 2893 1415 2971 vt
1438 2908 1601 3000 neque
1623 2880 1796 2975 talium

271 3007 509 3118 appareat
538 2992 807 3120 vestigium,
854 2992 989 3088 'Nam
1024 3007 1078 3086 vt
1120 2995 1236 3090 vitae
1277 2995 1429 3089 saneti
1468 2996 1800 3092 Maximiliani

273 3112 582 3204 annectimus
644 3114 855 3233 primum
907 3109 1095 3199 bellum
1138 3109 1421 3204 Gothorum
1474 3128 1526 3207 et
1580 3110 1799 3240 Gepida·

271 3257 379 3320 rum
414 3228 498 3348 qui
529 3241 579 3318 et
609 3227 809 3320 Pontici
839 3221 973 3316 fuisse
1005 3221 1229 3317 feruntur
1258 3227 1524 3320 secuudum
1555 3229 1796 3347 ordinem,

180 3425 183 3432 .
273 3341 455 3436 deinde
477 3342 736 3437 Hunorum
760 3341 1133 3453 etAlanorum',
1147 3342 1232 3466 qui
1244 3342 1370 3435 vltra
1400 3343 1592 3437 Lanum
1615 3347 1799 3441 flumen

276 3456 592 3572 habitabant,
622 3457 728 3584 post
759 3457 1119 3554 Wandalorum
1152 3460 1318 3584 quiet
1359 3457 1517 3568 Gothi
1556 3462 1665 3558 sunt
1705 3465 1798 3558 lin·

277 3607 402 3702 gua,
433 3590 486 3670 et
513 3577 840 3692 Herulorum,
883 3572 987 3701 poll
1027 3573 1143 3668 illos
1175 3605 1299 3672 vero
1333 3593 1383 3672 et
1411 3577 1797 3675 Marcomanno-

274 3723 385 3788 rum
427 3691 480 3787 id
521 3691 586 3786 est
624 3692 963 3818 Morauorum.
1050 3691 1342 3811 Quadorum
1383 3698 1466 3821 qui
1508 3711 1559 3791 et
1599 3696 1800 3793 Tartari

276 3809 420 3904 suisse'
445 3807 675 3933 dicuntur
705 3826 853 3938 atque
885 3809 1245 3925 sarmatorum,
1283 3813 1350 3907 Et
1382 3811 1488 3940 poll
1519 3813 1631 3909 illes
1666 3818 1798 3912 Aua-

257 3957 444 4024 ·rorum
476 3927 555 4022 Ru
592 3959 732 4023 orum
763 3961 820 4023 ac
853 3932 1001 4048 etiam
1036 3927 1356 4047 Vinulorum,
1431 3934 1481 4025 ui
1513 3948 1566 4026 et
1596 3931 1799 4060 Longo·

275 4044 419 4139 bardi
452 4077 516 4140 ex
600 4047 816 4141 ermania
853 4046 1225 4172 septentrionali
1257 4045 1322 4141 de
1350 3963 1506 4143 insula
1526 4048 1799 4145 Scandina·

274 4165 357 4284 uia
388 4163 583 4290 egrelll,
645 4194 736 4290 per
765 4163 1009 4261 bellorum
1041 4163 1195 4257 multa
1226 4169 1521 4278 certamina,
1588 4165 1796 4264 diuersa·

275 4307 385 4372 rum
419 4311 622 4407 quoque·
654 4295 891 4376 terrarum
938 4283 1195 4394 circuitus,
1237 4283 1440 4378 tandem
1486 4283 1800 4382 Pannoniam

317 4413 643 4512 eruenerunt,
676 4414 726 4493 et
758 4399 886 4511 vltra
917 4397 1191 4524 procedere
1216 4429 1320 4494 non
1335 4401 1599 4517 audentes,
1632 4403 1797 4499 sedeur

278 4428 366 4608 sibi
379 4511 440 4610 ad
461 4513 780 4610 habitandum
793 4517 1077 4643 elegerunt,
1106 4516 1173 4612 Hi
1191 4518 1279 4612 lon
1315 4517 1489 4613 obardi
1519 4549 1638 4646 crgo
1659 4525 1794 4648 prius
1892 4516 1921 4539 ²

162 4701 167 4708 ,
280 4629 449 4724 Vinuli
480 4631 601 4756 poll¹
621 4633 823 4774 Narsem
856 4636 1115 4764 patricium
1152 4635 1216 4727 ad
1249 4549 1401 4732 soqum
1440 4637 1594 4732 Italiae
1628 4638 1799 4733 fertile-

232 4749 451 4860 ·uenire
484 4763 536 4843 ct
564 4749 838 4850 Pannoniae
868 4781 988 4850 rura
1036 4748 1262 4850 deserere
1306 4752 1483 4854 sterilia
1518 4754 1724 4884 persuasi
1764 4787 1796 4851 a

331 4869 438 4966 ·-Vol.
462 4871 533 4962 II.
785 4951 789 4958 .
1014 4867 1119 4966 Lll
1616 4873 1737 5022 Barf
