4717 6050
605 458 690 530 mo»
949 378 952 385 ’
1097 421 1530 509 enonrnr
1634 451 1657 507 μ

450 704 456 712 -
548 640 787 739 'Iohannis
817 630 1056 760 Waptiste
1098 664 1192 771 rere
1220 603 1802 771 ‘arragonieffi'Poslquam
1832 618 2075 767 Karosum

392 778 396 787 '
554 786 722 883 regem
763 752 1059 891 auuneulum
1100 750 1374 960 Ph1hpp1·.u]
1370 747 1961 960 rnchtrsrecrffieFfialrgscrel.e
1980 777 2077 957 Eg*

553 888 727 1087 ξιξίῃηῐὲἔ.
749 866 1501 1082 θέεῇιίὶὲιίῒωῖθεξιθῐξὲιῧὶᾔξυὶῐιθῑξε
1532 898 1676 1077 tsnis
1707 937 1805 1079 illis
1835 894 2069 1079 §ceolla-

555 1112 627 1203 uit
659 1107 810 1201 silium
840 1104 1014 1198 Keroli
1039 1104 1196 1228 regis..
1230 1132 1376 1226 quern
1408 1100 1613 1195 tenebat
1643 1102 1699 1193 in
1724 1098 1967 1195 vinculis.
1989 1101 2077 1310 uui?
2147 1190 2155 1197 ,

554 1223 659 1352 post
690 1254 803 1318 eum
832 1235 1122 1347 regnaturus
1155 1232 1273 1313 erat.
1314 1217 1427 1312 Rex
1452 1234 1617 1311 autem
1647 1217 1835 1310 francie
1866 1246 1981 1344 egre

553 1332 668 1438 rens
700 1342 797 1435 hoc
829 1353 880 1433 et
910 1337 1020 1431 alia.
1052 1367 1200 1462 quam
1265 1335 1392 1429 lura.
1428 1334 1617 1430 Karolo
1650 1333 1899 1459 auunculo
1928 1335 2013 1430 suo
2035 1362 2076 1427 a

500 1458 510 1473 “
551 1490 671 1587 rege
703 1484 995 1583 arragonum
1026 1451 1170 1548 facta.
1268 1484 1358 1547 um
1386 1451 1678 1546 dissimulare
1708 1454 1938 1578 nequiret
1966 1455 2081 1550 vin*

535 1576 719 1671 'dicare
761 1606 821 1667 cu
857 1575 977 1667 iens.
1021 1572 1246 1666 collecto
1274 1572 1499 1676 exercitu·
1529 1568 1707 1694 grandi
1743 1600 1800 1663 ac
1840 1565 2075 1663 inestima-

822 1607 949 1783 lorti
972 1689 1154 1782 robore
1198 1690 1402 1814 intrauit
1431 1689 1737 1811 provinciam
1779 1687 1930 1784 lancti
1960 1689 2076 1811 Egi·-

552 1694 653 1929 831⁴
666 1722 818 1901 ffrlllffls
850 1807 1034 1899 auxilio
1065 1804 1238 1899 Ducis.
1269 1804 1545 1913 Brabancie
1570 1803 1821 1900 comitisse·
1840 1803 2070 1898 Flandrie

417 2023 418 2031 .
553 1922 804 2023 Holandie
838 1939 889 2017 et
918 1921 1172 2047 Pycardie·
1196 1922 1394 2017 Ducum
1419 1920 1743 2047 Lotharingie
1766 1951 1822 2013 ac
1849 1919 2077 2048 Burgun-¹

552 2042 634 2137 die
678 2056 729 2137 et
768 2041 977 2133 aliorum
1020 2038 1293 2132 multorum
1339 2037 1589 2133 nobilium·
1627 2054 1684 2168 et
1720 2038 2068 2179 episcoporum.

554 2191 610 2254 ac
655 2156 1139 2283 archiepiscoporum·
1176 2140 1495 2249 Diuersarum
1535 2158 1912 2295 provinerarum.
1962 2153 2071 2250 Rex

553 2306 754 2403 quoque
782 2277 866 2369 An
902 2273 966 2366 lie
1000 2272 1196 2367 miserat
1226 2275 1278 2366 ei.
1302 2274 1354 2365 in
1386 2269 2078 2399 ailiutorrumqseptem'milia
2161 2310 2168 2323 ·

545 2394 777 2491 militum.
819 2422 848 2483 a
962 2420 1148 2515 ugnam.
1176 2390 1480 2484 electorum..
1512 2390 1621 2485 see
1659 2422 1775 2483 cum
1810 2418 1902 2515 per
1939 2418 2069 2483 mere

553 2509 799 2635 anglicum
842 2422 1038 2602 vellent
1078 2506 1413 2601 transfretare..
1446 2508 1606 2602 fiante·
1640 2510 1889 2601 contrario
1917 2522 2067 2625 yento

482 2682 485 2688 ,
554 2625 845 2751 aquilonari.
878 2656 912 2716 a·
937 2654 1037 2749 quo
1069 2621 1311 2761 panditur
1336 2653 1483 2717 omne
1516 2623 1722 2718 malum..
1756 2626 1948 2719 Omnes
1968 2624 2077 2716 sub'·

556 2742 695 2837 mersi
736 2742 845 2834 lunt
883 2742 942 2834 in
980 2770 1120 2865 aquls
1159 2738 1561 2835 vehementibus.
1593 2772 1687 2836 nec
1717 2768 1842 2837 vnus
1869 2739 2075 2867 'quidem

555 2859 702 2955 euasit
733 2890 794 2952 ex
826 2858 920 2951 eis..
970 2854 1278 2951 Rex'autem
1308 2860 1434 2951 Arra
1471 2888 1644 2953 onum.
1676 2888 1933 2984 eumrege
1968 2861 2014 2953 H
2050 2910 2068 2934 ·

552 2979 741 3101 spanie..
766 3006 823 3070 ae
854 2974 1386 3103 regessarracenorum
1469 2977 1650 3071 renati..
1672 3008 1729 3072 ac
1761 2976 1864 3096 alijs
1896 2889 2077 3072 nobilia

552 3093 647 3188 bus
678 3093 979 3187 Batonibus..
1014 3091 1241 3187 Ducibus
1285 3109 1336 3186 et
1367 3094 1653 3188 Comitibua
1686 3125 1795 3189 cum
1826 3097 1878 3186 in
1901 3127 2073 3188 nume·

551 3210 704 3304 'rabili‘
731 3211 972 3303 exercitu.
994 3239 1144 3322 manu
1173 3208 1346 3303 valida·
1372 3227 1425 3305 et
1453 3211 1571 3310 forti
1601 3213 1747 3305 nimis
1773 3215 1820 3306 ei
1845 3215 2066 3306 occurrit.

472 3364 476 3373 ’
554 3329 763 3422 Etcum
795 3325 1011 3420 intrasset
1038 3329 1361 3451 provinciam.
1380 3343 1578 3453 terram*
1605 3326 1856 3453 quondam
1886 3330 2068 3425 Karoli.

556 3475 672 3538 cum·
697 3446 790 3537 suo
814 3446 1046 3538 exercitu.
1081 3445 1300 3537 omnium
1333 3445 1548 3539 obtinuit
1569 3447 1899 3540 municiones..
1952 3448 2067 3542 Om-

551 3589 645 3657 nes
677 3562 903 3655 ciuitates
945 3576 997 3654 et
1024 3560 1144 3658 ville
1175 3558 1495 3655 subdiderunt
1525 3562 1571 3655 se
1604 3563 1710 3657 sibi..
1764 3563 1953 3659 Omnes
1989 3565 2069 3659 hos

554 3677 758 3773 norisiee
781 3692 864 3800 ‚et
882 3677 1184 3772 sollemniter
1227 3695 1525 3804 receperunt
1561 3709 1674 3774 eum
1704 3681 1756 3774 in
1786 3681 2070 3776 Dominum.

557 3798 671 3920 quia
701 3791 935 3891 formido.
952 3812 1002 3887 et
1025 3825 1184 3919 pauor
1214 3796 1422 3890 irruerat
1450 3798 1593 3922 super
1616 3827 1726 3892 eos..
1747 3815 1954 3925 propter
1973 3798 2069 3895 lor·

553 3911 791 4005 midinem
823 3912 897 4004 sui
923 3914 1181 4007 exercitus.
1224 3914 1309 4038 qui
1343 3930 1669 4040 cooperuerat
1699 3915 1976 4012 uniuersam
2000 3918 2075 4011 su*

463 4061 466 4072 ·
549 4027 804 4152 perficiem
834 4028 966 4122 illius
997 4044 1142 4123 terre.
1187 4030 1495 4124 Commissum
1531 4023 1595 4124 est
1672 4064 1838 4159 noque
1869 4033 2074 4128 bellum.

433 4197 436 4206 ,
551 4160 606 4238 et
637 4145 815 4240 cecidit
845 4161 1004 4241 totum
1036 4148 1198 4242 honus
1229 4148 1380 4272 prelij.
1410 4149 1462 4241 in
1485 4063 1696 4243 Dieisla
1720 4149 2068 4291 super·Regem

551 4261 739 4356 francie
785 4280 835 4357 et
866 4279 1182 4392 aggrauatum
1221 4265 1285 4358 est
1318 4264 1502 4359 bellum
1533 4267 1677 4362 nimis
1716 4268 1858 4406 super
1888 4299 2079 4408 exercre
2130 4337 2134 4344 -

553 4395 659 4473 tum
690 4381 808 4473 eius.
854 4398 905 4476 et
936 4399 1226 4476 corruerunt
1253 4384 1306 4475 in
1330 4407 1417 4476 ore
1437 4382 2065 4509 gladiiadestrmacronem.

552 4498 612 4590 x'.
642 4496 829 4590 milium
860 4501 1068 4594 militum
1099 4503 1229 4594 inter
1294 4529 1385 4594 uos
1418 4502 1602 4596 occisus
1634 4499 1699 4596 est
1726 4501 1918 4598 illustris
1949 4503 2073 4600 Dux

552 4527 844 4716 llrabaneie.
889 4647 998 4712 cum
1029 4617 1136 4737 alijs
1167 4617 1287 4713 n0b1
1310 4618 1418 4712 ibus
1449 4619 1628 4714 multis.
1680 4650 1898 4743 precone
1940 4624 2077 4746 regis·

444 4800 448 4814 ·
553 4732 870 4860 Atragonum.
906 4765 998 4859 per
1042 4739 1311 4832 enercitum
1351 4735 1576 4832 valenter
1617 4738 1873 4833 clamante.
1915 4753 1967 4830 et
2007 4769 2069 4838 ex

875 4903 883 4916 ν
1292 4887 1297 4899 ·
1435 4886 1440 4896 ·
1866 4869 2009 4984 parte

2332 1515 2334 1603 l
