4717 6050
609 457 661 544 a·
758 387 761 392 ⁵
1013 444 1047 522 r
1096 431 1608 546 uarrouaarurr

433 747 437 756 ,
472 729 479 758 ί
641 649 652 664 “
685 645 743 746 In
773 641 1061 776 Grv'nsinge.
1094 646 1191 742 xv‘t
1226 644 1480 743 beneficia.
1516 657 1571 740 et
1602 644 1659 738 iu
1690 641 1874 742 heinric.
1907 647 1970 742 ii‘.
1993 645 2084 746 be·
2127 671 2131 678 ’

473 885 476 890 ¹
569 767 757 866 nescia.
804 793 869 860 ex
907 765 998 888 hijs
1038 765 1280 860 coluntur.
1327 764 1459 858 xxiii.
1505 765 1652 858 vinee
1700 778 1764 858 et
1808 764 1892 859 iiii.
1981 793 2081 874 oue

562 890 714 994 vitree
742 897 794 981 et
818 879 1006 978 debent
1027 897 1292 1009 procurare
1315 882 1517 975 nuntios
1543 882 1629 1006 qui
1648 880 1889 1007 colligunt
1907 883 2081 978 vineas

603 1017 737 1099 reter
752 997 989 1096 denarios
1064 1003 1114 1094 ui
1145 997 1390 1095 dabuntur
1418 995 1776 1096 vindemiariia
1804 1013 1857 1094 et
1889 996 1952 1094 de
1983 1029 2083 1125 qua

566 1037 765 1216 flecma
785 1115 970 1214 ibidem
991 1031 1387 1256 ro‘suuntur..lxv.·
1400 1113 1604 1212 denarii.
1635 1128 1688 1212 et
1708 1113 1774 1212 de
1792 1116 1959 1212 vineis.
1973 1115 2083 1244 pos·

568 1239 680 1334 sunt
708 1234 882 1330 haberi
910 1267 1022 1332 aaut.
1056 1233 1257 1332 carrade
1287 1235 1410 1330 vim..
1798 1298 1802 1304 ·
1856 1269 1860 1275 ·

338 1449 342 1456 .
625 1441 628 1448 .
688 1352 963 1449 ln-Officio
998 1351 1062 1447 ad
1098 1352 1146 1448 S.
1187 1349 1441 1448 Georium.
1472 1351 1603 1446 xrdx.
1627 1348 1879 1446 >beneficia
1909 1364 1975 1446 et.
1999 1377 2081 1452 xx,

490 1577 495 1582 ,
565 1496 701 1568 ‘aree
749 1485 814 1577 e't.
858 1469 920 1566 ii‘.
953 1468 1208 1568 beneficia.
1243 1483 1295 1563 et
1325 1468 1454 1595 passa
1490 1468 1589 1562 'um
1620 1470 1673 1562 in
1704 1466 1964 1564 Ardacher
1990 1467 2086 1563 sol·

571 1603 708 1684 uunt.
742 1589 801 1710 xj.
833 1503 1024 1683 tasenta
1057 1603 1110 1684 et
1140 1584 1411 1683 dimidium.
1491 1601 1594 1682 tem
1622 1586 1731 1680 sunt
1759 1584 1946 1700 ibidem
1981 1581 2083 1682 duo

565 1705 769 1807 naualia
835 1737 902 1801 ue
926 1706 1135 1802 sosuunt.
1174 1798 1179 1809 .

586 1932 591 1942 ,
689 1824 820 1918 Dei
858 1855 889 1919 ο
922 1823 1084 1919 officio
1128 1821 1318 1918 dantur.
1358 1854 1438 1918 xx.
1475 1775 1612 1917 misia
1651 1753 1855 1916 fustium.
1892 1834 1954 1932 ,et
1982 1819 2086 1927 Nea·

572 1935 691 2038 musf
734 1937 871 2066 quod
915 1939 980 2036 est
1013 1944 1065 2036 iu
1099 1939 1408 2036 Mitterssach
1440 1955 1493 2035 et
1523 1939 1804 2036 Alterslach
1849 1938 1998 2151 usffire
2033 1940 2089 2034 iu

546 2078 750 2184 -aquam'
773 2058 823 2154 N
825 2055 965 2197 erflin
987 2057 1082 2154 suit
1110 2056 1372 2154 Aduocati.
1405 2072 1456 2152 et
1483 2057 1750 2194 occupauit
1770 2053 1906 2175 Prob
1963 2087 1994 2150 o
2021 2053 2086 2152 de

525 2229 534 2260 '
570 2173 1809 2399 ¹¹²¹²stitusdhttnfitttmsffitsttit..
1843 2304 1896 2385 a
1924 2289 1987 2384 a.
2009 2247 2087 2386 ιη’.

574 2409 723 2506 dicio.
762 2444 815 2504 v..
844 2411 1048 2505 talenta.
1090 2411 1152 2504 de
1188 2409 1503 2524 Molendinc.
1548 2410 1616 2504 iii.
1647 2406 1850 2503 solidos.
1913 2409 1972 2503 In
2004 2440 2088 2506 eo·

574 2525 690 2623 der-u
714 2527 909 2620 officio.
953 2525 1006 2619 C.
1036 2528 1099 2647 iij.
1131 2525 1293 2620 hvebe
1327 2557 1423 2652 que
1459 2525 1668 2619 soluunt.
1701 2524 1754 2619 C.
1787 2525 1914 2646 xiiij.
1941 2526 2090 2620 chast-

575 2657 682 2738 mvt
724 2640 937 2737 domine.
989 2657 1059 2737 et..
1104 2674 1249 2762 xxm).
1293 2639 1490 2736 modios
1531 2641 1780 2736 frumenti.
1828 2656 1882 2736 et
1924 2644 2087 2742 tritici

571 2757 714 2854 Idem
745 2756 922 2872 eedem
949 2758 1113 2855 hvebe
1145 2759 1355 2854 soluunt.
1396 2759 1459 2854 vi.
1500 2757 1701 2854 talenta.
1738 2774 1801 2854 et.
1822 2758 1901 2853 -xl-.
1940 2757 2090 2857 dena·

572 2877 691 2972 rios.
723 2876 1038 3008 Mychahelis
1075 2891 1132 2992 et
1153 2866 1612 3000 Werchpfenninge
1638 2873 1826 2971 Georii.
1861 2877 1944 2972 xii.
1980 2877 2089 2974 soli-
2146 2953 2151 2960 .
2288 2967 2294 2978 .

436 3104 439 3111 Δ
504 3054 507 3061 ,
575 2989 671 3089 dos
712 3009 763 3089 et
802 2993 1133 3123 Mychahelis.
1177 2993 1264 3087 xii.
1302 2992 1501 3093 solidos.
1545 3008 1608 3087 et.
1647 3026 1695 3087 x.
1737 2991 1921 3089 solidos
1972 3011 2089 3093 ante
2219 3088 2223 3093 .
2342 3096 2345 3109 ,

576 3109 795 3208 Weisod.
845 3124 898 3205 et
930 3112 1119 3236 semper
1148 3113 1297 3205 tertio
1333 3142 1464 3204 anno
1497 3111 1578 3224 An
1608 3111 1741 3205 leite.
1774 3144 1862 3207 mr.
1894 3110 2089 3210 talenta.
2228 3214 2231 3217 ,

578 3259 689 3324 cum
725 3224 946 3323 dimidiu.
983 3243 1045 3323 et.
1089 3227 1141 3323 C.
1174 3228 1255 3349 iiij.
1290 3226 1528 3354 scapulae.
1560 3242 1624 3322 et.
1659 3226 1726 3322 lii.
1759 3227 1948 3324 Schoet
1978 3230 2091 3327 har·

575 3346 681 3440 bes.
727 3359 778 3438 et
822 3347 874 3438 in
909 3344 1105 3439 Pascha.
1139 3340 1359 3441 Weisrid.
1402 3344 1455 3445 C.
1492 3344 1670 3440 caseos.
1706 3360 1769 3440 et.
1802 3348 1874 3442 vi.
1900 3341 2089 3445 talenta

480 3466 485 3477 ’
579 3492 807 3557 ouorum.
857 3462 918 3555 'In
952 3460 1072 3559 festo
1102 3462 1252 3558 sancti
1283 3460 1615 3589 Mychahelis.
1638 3462 1691 3557 C.
1721 3461 1902 3589 pullos.
1937 3479 2004 3565 et.
2021 3467 2086 3567 xl.

237 3590 240 3597 ’
294 3682 298 3689 ,
376 3724 383 3735 ἢ
446 3636 451 3657 =
559 3571 789 3675 anseres.
830 3592 892 3675 et.
931 3576 987 3675 C.
1018 3579 1067 3675 ii.
1101 3580 1203 3705 laip
1240 3577 1324 3672 uel
1365 3606 1457 3703 pro
1477 3580 1717 3717 ‚quolibet
1756 3578 1870 3707 laip.
1911 3580 1967 3676 ii..
2002 3582 2092 3680 dei.

578 3699 758 3793 uarias.
800 3711 865 3790 et.
908 3699 956 3792 ii.
991 3694 1189 3791 modios
1221 3694 1344 3835 pise.
1383 3707 1443 3830 et·
1473 3696 1539 3790 tir.
1582 3711 1815 3819 metretas
1859 3698 2091 3796 chastme-

501 3832 538 3874 -·
575 3830 709 3909 tzen.
765 3810 975 3910 Decime
1022 3806 1505 3907 adxxiir1.mod10s
1549 3810 1782 3909 frumenti
1828 3830 1879 3909 et
1912 3848 2085 3925 avene,

573 3931 699 4025 Item
735 3929 803 4025 de
833 3931 930 4025 alia
963 3926 1166 4023 decima.
1204 3928 1304 4025 viii.
1339 3928 1538 4025 talenta.
1598 3931 1683 4025 De
1715 3932 1917 4053 pascuie
1950 3934 2083 4039 lxxx,
2167 3958 2188 3991 ·‘

579 4046 869 4141 caseos.·vel
899 4076 992 4174 pro
1024 4046 1178 4143 caseo.
1215 4046 1269 4139 ii..
1295 4042 1545 4144 denarios.
1598 4048 1742 4143 Alter
1774 4048 1900 4145 liber
1932 4049 2085 4155 habet

448 4208 452 4218 ·
576 4161 654 4257 de.
686 4164 787 4258 xiii.
821 4162 996 4259 hvebis
1031 4164 1081 4257 in
1105 4162 1421 4257 Hallenstein.
1445 4177 1506 4271 ¹et
1544 4160 1608 4259 de
1641 4166 1843 4290 pascuis.
1875 4199 1971 4263 ccc.
2006 4200 2089 4265 ca·

574 4278 697 4375 scos.
738 4279 910 4380 caseusx
946 4278 1138 4375 valens.
1166 4282 1223 4375 ii.
1270 4277 1521 4375 denarios.
1582 4282 1666 4376 De
1709 4281 1973 4379 aduocatia
2017 4278 2082 4381 ad

415 4492 420 4501 ,
494 4453 504 4480 =
572 4412 796 4493 montem
839 4399 989 4494 sancti
1020 4396 1351 4529 Myehahelis.
1382 4399 1448 4536 ij.
1471 4397 1712 4494 beneficia
1745 4417 1799 4495 et
1826 4400 2126 4497 dimid'ium‘
2259 4458 2262 4463 ·

576 4544 674 4639 que
716 4514 827 4609 srmt
869 4511 1081 4611 ecclesi-e.
1144 4512 1357 4615 Castrum
1400 4545 1453 4608 m
1498 4516 1853 4643 Haertingstain.
1901 4519 2082 4639 desola-

575 4646 692 4727 tum.
735 4648 787 4728 et
822 4632 1032 4761 pulchra
1064 4631 1246 4757 domus·
1278 4632 1331 4726 in
1359 4628 1471 4727 soro
1512 4631 1577 4728 ad
1617 4633 1833 4753 sanctum
1864 4633 2078 4745 Petrum.

390 4842 398 4883 ,
574 4762 627 4855 et
649 4763 771 4951 'tres
809 4749 1008 4882 piscinae
1051 4750 1185 4881 apud
1221 4748 1402 4953 sarum.
1440 4749 1541 4851 xiii
1574 4748 1836 4955 domorum
1874 4751 2085 4964 ἀεὸὗἮε,
2222 4890 2226 4896 ⁴
