4717 6050
542 445 545 450 ι
672 395 787 486 476’
1037 389 1109 467 Vl.
1193 380 1827 470 scHRI‘rovlrtr·

622 593 787 690 dicare
818 589 1083 684 voluerunt
1115 603 1169 684 vt
1199 589 1373 685 aliena.
1435 589 1550 709 Qua
1579 588 1642 686 de
1671 622 1725 687 re
1763 608 1814 688 et
1846 593 1997 689 hodie
2026 595 2132 692 saru‘

624 728 704 806 cta
735 709 903 802 transit
924 707 1129 803 ecclelia
1162 708 1355 836 silentio
1386 705 1527 830 super
1549 705 1988 822 decimationibus,
2016 745 2118 838 quae

621 843 767 922 tenus
810 825 862 918 hi
902 827 987 948 qui
1018 823 1275 919 nobilitate
1307 825 1580 948 gloriantur
1627 830 1822 952 generis
1864 827 2116 952 pollidcnt,

541 951 546 986 '
623 945 723 1038 sme
759 942 878 1036 iusto
913 941 1087 1052 titulo,
1127 941 1210 1034 vel
1250 939 1388 1066 quod
1429 941 1741 1037 collaterales
1782 945 2119 1042 nonnullorum

624 1059 943 1188 praefatorum
997 1059 1309 1181 optimorum·
1356 1059 1635 1182 principum
1686 1077 1827 1154 erant
1866 1077 2116 1186 potentes,

626 1181 712 1304 qui
741 1175 1083 1301 praemissarum
1106 1173 1420 1268 ecclesiarum
1450 1174 1584 1269 bona
1614 1176 1702 1270 srbi
1733 1191 1959 1302 tempore
1979 1180 2117 1303 perse·

625 1295 837 1390 cutionis
866 1292 1187 1387 barbarorum
1230 1291 1315 1385 snb
1348 1304 1588 1414 praetextu
1619 1291 1847 1388 custodiae
1878 1295 2125 1420 vsurpaue·

544 1425 557 1444 '
624 1427 767 1523 runt,
806 1439 870 1502 ne
913 1406 975 1501 de
1018 1409 1191 1531 rapina
1230 1423 1399 1503 notam
1443 1411 1823 1525 contraherent,
1866 1427 1918 1505 et
1948 1413 2117 1508 exhor

626 1528 690 1624 ad
720 1523 1067 1624 restituendum
1107 1523 1330 1620 duriores
1369 1523 1629 1621 existerent
1658 1526 2014 1623 diffimulabant
2036 1530 2119 1624 iam

628 1645 786 1740 dictas
865 1641 1139 1766 ossessrones
1180 1644 1472 1759 nominatim
1514 1646 1647 1738 etin
1676 1645 1837 1766 specie
1866 1675 2118 1769 reponere,

629 1779 683 1858 vt
720 1778 806 1857 tan
846 1791 924 1853 em
964 1757 1029 1851 ad
1068 1790 1154 1853 cor
1195 1761 1340 1853 citius
1377 1759 1585 1874 reuersi,
1624 1775 1679 1855 vt
1707 1760 1824 1856 iullc
1864 1761 2115 1858 redderent

579 1908 720 2006 ‚per
752 1879 933 1976 oblata.
1002 1873 1180 2002 Neque
1211 1892 1376 1970 tamen
1408 1875 1573 1973 abnuo
1647 1878 1812 1975 uando
1850 1882 1998 1975 ctiam
2060 1881 2121 1974 lu·

626 2028 707 2094 res
736 1992 1084 2090 Laureacensis
1131 2009 1182 2089 et
1211 1991 1513 2088 Patauiensrs
1546 1907 1856 2090 ecdeuamm
1886 1999 2003 2097 An'
2055 2011 2121 2090 tes

629 2116 778 2211 etiarn
818 2126 1109 2237 recuperata
1145 2109 1252 2238 poll
1289 2110 1493 2206 insultus
1534 2110 1705 2208 sinales
1744 2113 2006 2210 Hunorum
2050 2111 2119 2204 vel

628 2231 723 2326 suis
754 2230 925 2325 vicinis
968 2227 1050 2322 vel
1083 2225 1290 2323 fortassis
1320 2228 1543 2356 cognatis
1584 2245 1636 2324 et
1668 2233 1964 2356 propinquis
1978 2229 2121 2324 'titulo

628 2345 767 2442 feudi
805 2376 897 2473 pro
928 2347 1103 2440 maiori
1132 2347 1386 2440 securitate
1418 2348 1784 2461 commiserunt,
1850 2349 1904 2443 ui
1937 2345 2122 2442 tandem

630 2461 878 2586 beneficiis
918 2461 1053 2559 abusi
1092 2464 1144 2557 in
1183 2463 1234 2558 su
1272 2462 1483 2576 erbiam,
1526 2493 1629 2558 non
1669 2463 1732 2558 ab
1762 2495 1845 2558 arc
1883 2463 2121 2588 iepiscopiu

628 2596 683 2676 vt
722 2581 933 2678 decebat
992 2579 1074 2676 sed
1124 2580 1186 2676 ab
1303 2579 1614 2704 potatoribus
1676 2583 1759 2676 vel
1801 2581 2009 2677 ducibus
2052 2575 2124 2678 vet

629 2697 1004 2795 Marchionibus
1037 2696 1376 2792 Orientalibus
1411 2697 1544 2822 (quac
1575 2711 1627 2792 et
1655 2697 1846 2794 Austria
1878 2696 2125 2814 vocitatur)

632 2815 696 2908 ad
736 2813 1084 2939 aucupandum
1122 2812 1347 2908 fauorem
1396 2811 1667 2908 eorundem
1710 2815 1842 2910 suam
1887 2817 1936 2910 su
1974 2845 2026 2921 cr
2059 2812 2124 2908 hir

629 2929 981 3027 institutionem
1010 2929 1246 3055 suscipere
1276 2927 1553 3026 voluerunt
1621 2932 1692 3027 Et
1710 2947 1763 3029 vt
1782 2934 1914 3029 tales
1934 2847 2019 3031 libi
2036 2959 2122 3024 ma·

447 3062 449 3065 ’
682 3078 705 3141 s
736 3046 1015 3142 assentirent
1042 3076 1135 3174 pro
1173 3048 1288 3142 itios
1322 3061 1373 3140 et
1397 3046 1623 3142 ecelesiae
1645 3051 1954 3147 commodius
1982 3045 2119 3147 rebel·

628 3076 814 3280 finnt,
854 3164 992 3257 Dum
1029 3078 1219 3291 regalia
1273 3194 1384 3289 quae
1425 3163 1488 3258 ab
1534 3165 1739 3262 ecclelia
1774 3166 2122 3293 poffidebanta

629 3282 833 3378 seculari
864 3281 1102 3406 participe
1133 3280 1454 3405 susciperent,

629 3401 700 3496 ibi
742 3400 921 3495 secuta.
946 3396 1061 3493 esset
1098 3395 1380 3494 scandalosa
1418 3311 1614 3494 timul
1647 3400 1934 3498 ocurrisscnt
1968 3396 2122 3495 seudo-

628 3548 735 3613 rum
766 3546 820 3611 re
858 3518 1000 3611 etitio
1041 3530 1092 3609 et
1129 3514 1401 3642 reignatio.
1490 3516 1602 3613 Hoc
1629 3532 1797 3613 tamen
1826 3521 1991 3617 notari
2018 3513 2119 3611 volo

630 3632 770 3851 3⁸⁰⁶
833 3647 1166 3759 mperatorum
1205 3634 1352 3727 trium
1390 3634 1639 3729 Ottonum
1679 3650 1910 3873 tempore
1939 3655 2120 3764 regnum

1519 3285 2119 3409 mmmmmmu

677 3782 935 3848 auarorum
968 3749 1256 3845 conuersum
1287 3748 1434 3844 estin
1462 3749 1728 3847 Ducatum.
1829 3784 2005 3851 uorum
2039 3746 2122 3843 dux

630 3872 778 3967 trium
799 3866 1147 3965 Marchionum
1172 3882 1278 3963 erat
1300 3868 1529 3993 princeps
1570 3870 1649 3963 cui
1679 3884 1731 3964 et
1755 3868 1818 3965 sln
1891 3874 1938 3979 li,
1956 3868 2120 3967 obtem·

670 3985 873 4085 erabant
915 4002 1124 4112 quorum
1162 3986 1349 4112 primus
1390 3982 1572 4081 Asturis
1617 3986 1704 4088 vel
1732 3989 1813 4082 Au
1875 3992 1940 4084 iae
1977 3988 2118 4079 secun·
2179 4024 2181 4027 ⁴

631 4022 725 4223 dus
755 4103 931 4200 stiriae.
982 4100 1192 4198 Tercius
1221 4100 1286 4198 de
1316 4100 1413 4198 Per
1448 4131 1475 4195 c
1507 4103 1679 4229 (quem
1709 4107 1864 4222 etalii
1899 4106 1962 4202 de
1983 4096 2116 4197 Vocl-

631 4224 758 4349 burg
790 4222 994 4341 vocant)
1035 4221 1120 4344 qui
1151 4219 1380 4316 omnibus
1411 4132 1461 4314 di
1496 4222 1607 4317 nior
1636 4220 1756 4336 suit,
1785 4254 1966 4349 proco
2003 4205 2120 4343 quod

633 4343 871 4447 maiorem
899 4352 1091 4466 partem
1122 4336 1287 4434 Mefiae
1315 4249 1594 4465 possederat
1626 4355 1677 4435 et
1702 4342 1911 4438 aliorum
1936 4338 2116 4433 duorum

633 4458 902 4599 legittimus
938 4468 1042 4552 erat
1072 4454 1342 4552 aduocatus
1412 4454 1516 4551 Sed
1555 4456 1778 4559 Marchia
1812 4457 1993 4557 Asturis
2020 4466 2116 4587 tune

634 4576 863 4688 minima,
893 4572 1144 4792 Tempore
1187 4572 1423 4670 Friderici
1458 4575 1607 4712 primi
1652 4573 1783 4671 sacta
1822 4574 1886 4672 est
1923 4590 2118 4669 manmit

633 4684 743 4793 'Imo
775 4691 980 4791 aliarum
1045 4695 1213 4791 omina
1251 4693 1325 4790 vti
1349 4688 1496 4789 nobrs
1520 4690 1760 4791 moderna
1782 4690 2115 4901 indicantotrpm·
2201 4815 2208 4837 .

585 4859 589 4867 ’
1964 4836 1996 4934 P.
