4717 6050
669 486 745 575 δύο
961 466 1016 544 v.
1068 442 1428 548 sensnum
1464 462 1703 550 nonrcr

1319 668 1378 764 V.

613 910 907 1011 Chronicon
924 850 1292 1045 Cremiianenle
1311 829 1662 1045 setjcaulo'gus
1695 904 1963 1019 Abbasium,
1980 938 2135 1051 usque

631 1061 634 1069 ·
675 1098 681 1111 .
1122 1021 1187 1119 sd
1208 1024 1250 1118 F
1250 1020 1514 1123 ndenoum
1534 1026 1572 1123 1.
1803 1066 1809 1083 ·

618 1332 751 1481 Cum
782 1387 957 1505 ecclesia
985 1378 1360 1501 chremsmunster
1392 1414 1425 1473 u
1448 1379 1652 1505 principe
1671 1384 1883 1472 wawarie
1919 1380 2134 1500 Tuffilone

523 1486 531 1509 ⁶
600 1508 882 1629 sitfundutu
908 1520 1006 1595 et'u
1011 1502 1272 1623 fundatore
1284 1504 1441 1623 fuerit
1460 1500 1695 1617 donorffice
1702 1501 1976 1621 stibium,
2005 1526 2134 1620 opere

610 1628 811 1751 precium
835 1622 1008 1741 estimo,
1043 1621 1101 1710 de
1121 1624 1217 1709 eius
1238 1623 1446 1741 epistopis
1464 1623 1553 1740 stou
1576 1620 1757 1710 ducibus
1779 1619 1955 1742 aliquid
1978 1645 2135 1707 memo·

617 1774 752 1853 rnre,
782 1770 863 1832 nec
884 1772 972 1831 non
992 1768 1023 1827 n
1044 1740 1418 1855 Laoreucenfrbus
1432 1738 1725 1858 pumicibus,
1756 1741 1834 1858 qui
1846 1735 2132 1855 gubernacio-

500 1932 506 1941 -
617 1880 716 1955 nem
747 1872 1117 1949 manutenuerunt
1172 1853 1244 1973 ut)
1273 1856 1544 1947 rucionubile
1577 1856 1802 1945 iudicatur
1832 1856 1996 1945 litteris
2024 1881 2131 1941 corn·

618 1978 855 2086 mendane,
886 1992 931 2084 et
949 1975 1129 2095 deiuge
1165 2004 1198 2063 u
1214 1976 1317 2089 fiue
1339 1975 1536 2065 ordinem
1559 1974 1766 2079 abbatum
1796 1972 1942 2092 nerjire
1965 1971 2132 2085 ecclesie

537 2148 546 2157 -
612 2112 752 2217 prout
771 2096 896 2184 oulen
917 2108 1137 2183 annotare
1151 2094 1362 2212 precipue
1389 2092 1446 2179 de
1467 2091 1558 2210 Iuris
1584 2091 1661 2213 qui
1690 2087 1884 2207 nostram
1916 2088 2131 2205 ecclesium

621 2228 840 2331 tangunt..
883 2212 1015 2300 Anno
1037 2210 1204 2303 domini
1222 2240 1282 2299 cc.
1309 2211 1338 2298 l.
1363 2210 1608 2329 Phylippus
1627 2213 1870 2328 imperator
1893 2226 1972 2298 etc.
2032 2195 2134 2320 (Ad
2161 2322 2170 2330 ·

618 2322 908 2451 Catalogum
949 2322 1307 2446 Episcoporum
1348 2321 1784 2439 Laureacenlrum.
1818 2323 1978 2449 primo
2017 2317 2129 2413 loco

618 2440 852 2569 politum,
884 2436 1090 2565 digitum
1120 2439 1372 2561 intendit.)

739 2559 864 2653 Cum
887 2559 1087 2681 antiqua
1122 2556 1338 2650 Ecclefie
1373 2554 1872 2651 Chremlmvnllrenfis
1910 2556 2134 2685 dignitas.

460 2763 463 2769 .
620 2690 672 2769 et
691 2674 836 2801 ipsius
895 2672 1059 2767 relens
1084 2670 1347 2810 dillipaciu
1379 2686 1478 2766 tam
1513 2678 1566 2769 in
1585 2672 1878 2797 spiritalibus
1911 2707 2055 2799 quam
2081 2677 2132 2768 in

618 2706 993 2916 temporalibus.
1017 2788 1065 2882 le
1089 2788 1241 2881 flebrli
1266 2790 1539 2886 incolarum
1575 2792 1810 2883 memorie
1842 2791 1954 2917 sepe
1988 2825 2043 2886 ac
2067 2792 2132 2884 le·

657 2913 731 3003 ius
761 2906 1039 3034 ingeffillet‚
1105 2905 1321 2999 refertim
1345 2938 1455 3000 cum
1483 2938 1577 3002 nec
1604 2907 1946 3003 certitudinem
1968 2908 2134 3034 pollel-

619 2942 804 3122 llonum
826 3056 919 3119 nec
943 2938 1311 3150 priuilegiorum
1333 3038 1560 3120 tenorem
1581 3026 1630 3118 in
1646 3023 1734 3117 scri
1771 3027 1833 3118 tis
1858 3024 2031 3121 ordine
2052 3024 2134 3132 dc·

618 3142 725 3240 bito
752 3142 1058 3236 haberemus.
1090 3147 1219 3235 circa
1255 3171 1439 3246 annum
1460 3140 1649 3236 domini
1671 3057 1974 3238 millesimum
1998 3150 2137 3240 ccc'm‘

620 3277 847 3387 tempore
888 3257 1078 3353 domini
1112 3257 1351 3354 Friderici
1372 3261 1401 3351 i.
1438 3259 1641 3353 abbatis.
1677 3259 2010 3358 ordinacionis
2053 3263 2132 3356 lue

553 3399 556 3405 ·
607 3380 754 3472 ¹unno
775 3377 903 3472 xxvi.
926 3407 989 3470 ex
1012 3375 1215 3469 confilio
1241 3389 1518 3469 conuentus
1553 3389 1604 3470 et
1662 3379 1861 3502 recipue
1894 3379 2132 3475 Hertwici

656 3496 799 3589 rioris
820 3525 878 3588 ac
900 3494 1094 3617 inperio
1116 3491 1337 3586 eiusdem
1362 3493 1567 3587 abbatis.
1625 3408 1678 3586 Ei
1716 3525 1873 3587 marus
1898 3508 2013 3587 tunc
2040 3497 2134 3589 cel·

618 3525 825 3708 leterius
846 3611 1055 3704 summus
1079 3641 1176 3704 vna
1212 3639 1324 3702 cum
1347 3608 1524 3704 villicis
1557 3624 1608 3704 et
1639 3521 1927 3706 officialibus
1952 3611 2136 3708 adhoc

531 3735 534 3744 '
571 3766 574 3774 ·
618 3729 916 3848 necessariis.
947 3757 1121 3821 omnes
1144 3726 1346 3820 ccclelie
1373 3723 1530 3819 nostre
1556 3727 1860 3851 polieffiones
1882 3729 2135 3868 perambu-

618 3848 755 3958 lans,
785 3860 837 3938 et
860 3843 1150 3970 diligencius
1181 3842 1487 3972 inuestigans.
1528 3844 1756 3969 scriptum
1782 3844 1927 3939 nobrs
1962 3845 2135 3943 adtulit

624 3961 894 4057 nostrorum
920 3958 1205 4055 reddituum
1231 3974 1388 4053 totam
1412 3961 1655 4055 summam.
1687 3965 1839 4056 immo
1859 3966 2033 4087 pocius
2062 3996 2133 4059 re·
2215 4076 2219 4079 Α

620 4080 797 4206 liquias
819 4109 981 4173 rerum
996 4109 1126 4290 puts
1151 4092 1404 4201 raptorum
1436 4108 1607 4172 manus
1640 4079 1851 4205 effugere
1885 4084 2134 4206 continge·

621 4196 720 4288 bat.
752 4199 836 4320 qui
877 4193 990 4288 dein
1032 4225 1058 4288 e
1093 4195 1144 4286 in
1180 4192 1513 4287 voluminibus
1550 4195 1660 4290 sunt
1699 4197 1874 4289 melius
1909 4198 2131 4296 ordinati.

621 4311 859 4406 Preterea
885 4326 934 4406 et
956 4312 1218 4437 priuilegia
1240 4341 1337 4436 que
1363 4312 1676 4439 transscripta
1707 4311 2047 4438 olimiuerunt
2071 4315 2133 4434 de

621 4429 731 4553 ipfis
754 4429 1094 4524 instrumentis.
1127 4441 1241 4522 ante
1267 4459 1413 4554 quam
1438 4428 1673 4524 vetustate
1697 4449 2131 4569 corrumperentur.

621 4545 705 4640 vel
746 4561 879 4641 certe
922 4551 1057 4672 prius
1102 4577 1248 4672 quam
1330 4575 1385 4639 er
1422 4548 1620 4671 rapinas
1663 4545 1993 4672 dillipancrum
2037 4552 2135 4645 auf·

552 4682 556 4688 '
623 4660 897 4777 ferrentur,
930 4679 1098 4790 etque
1132 4667 1184 4758 in
1219 4577 1378 4757 nolra
1412 4661 1612 4757 ecclcfia
1638 4679 1871 4789 poterant
1906 4681 1990 4761 aut
2021 4672 2134 4764 alibi

620 4781 840 4908 reperiri.
901 4783 1126 4925 (Dimidia
1147 4790 1267 4880 lineo
1288 4781 1438 4908 enssr)
1461 4779 1674 4877 [imiliter
1683 4781 1823 4878 scribi
1844 4783 2001 4997 iecit.d
2039 4788 2135 4907 Qui

910 4942 913 4951 ¹
1273 4967 1276 4973 ,
1889 4977 1894 4985 .
2003 4935 2081 4999 um
