4717 6050
527 433 1052 536 -nrrsconr
1131 452 1448 535 rurnrn
1656 481 1793 554 nr-

266 662 432 790 poldi'
454 659 913 779 Arrhicancellarij.¹
992 655 1112 752 Eius
1156 659 1304 752 etiam
1347 655 1699 754 intercessione
1731 676 1783 756 et

133 864 136 872 .
266 781 574 920 emorepost
610 780 798 874 obitum
831 772 970 870 dedit
1002 776 1215 870 ecclefiae
1253 774 1522 870 Patauiensr
1557 774 1784 902 quaedanr

267 899 455 1022 praedia
478 897 934 1019 urGewarzinprun
959 907 1009 986 et
1028 891 1340 1006 Chrobaten‚
1370 892 1622 1020 quondam
1636 895 1782 990 Rich·
1935 900 1946 922 ‘
2117 933 2127 958 ·

231 1009 387 1110 ”wini
442 1019 527 1142 qui
563 1019 613 1108 in
649 1013 869 1138 palatino
906 1009 1091 1134 placito
1125 1029 1240 1103 reus
1275 1011 1533 1104 maiestatis
1565 1012 1780 1106 declara·
1873 1111 1877 1120 ,
2039 1023 2048 1032 ’

267 1147 348 1226 tus
381 1133 447 1230 est
488 1148 540 1226 et
565 1131 830 1224 damnatus
869 1157 1002 1221 anno
1033 1119 1224 1248 domini
1258 1127 1420 1224 MLV.
1467 1127 1631 1252 Regni
1676 1130 1782 1224 eius
1939 1184 1941 1187 ·

266 1253 385 1344 xvii.
411 1249 615 1373 ¹Imperii
638 1249 701 1343 ix.
731 1247 1097 1340 interueniente
1126 1247 1325 1370 Agnete
1357 1245 1700 1369 Imperatrice‚
1731 1261 1782 1340 et
1948 1363 1952 1370 ,

263 1367 484 1460 Henrico
520 1393 635 1503 rege
669 1378 843 1488 quarto
876 1361 1045 1456 Vlmae.
1155 1363 1447 1455 Interuentu
1480 1365 1628 1456 etiam
1658 1391 1780 1502 prae-

263 1481 381 1576 fatae
401 1489 619 1610 Agnetis
652 1499 702 1575 et
730 1479 814 1596 filij
849 1480 919 1571 sui
950 1476 1154 1572 Henrici
1186 1479 1265 1572 ob,
1290 1476 1565 1572 remedium
1600 1509 1781 1575 amma·

184 1634 188 1642 ·
260 1629 370 1692 rum
407 1600 594 1694 suarum
630 1595 833 1694 tradidit
867 1624 1066 1690 omnem
1107 1608 1288 1690 terram
1324 1599 1455 1689 inter
1489 1596 1781 1722 subscriptos

262 1718 503 1811 terminos
531 1715 809 1824 conclusam
841 1711 892 1806 id
926 1705 991 1807 est
1020 1711 1202 1806 vallem
1224 1711 1570 1839 Pawrngurten
1600 1713 1782 1808 dictam

232 1833 439 1928 =tursum
485 1834 632 1960 vsque
654 1830 744 1925 est
771 1828 1173 1926 definitastnotas
1216 1831 1575 1956 Vngaricornm
1617 1835 1781 1926 termi-

128 1956 131 1962 ’
261 1979 466 2064 norum,
498 1950 723 2045 deorsum
759 1957 918 2071 v'sque
953 1945 1017 2038 ad
1037 1942 1280 2069 praedium
1324 1945 1519 2040 comitis
1550 1946 1780 2064 Henrici‚

259 2083 312 2162 et
333 2069 384 2159 in
410 2065 651 2162 directum
671 2064 818 2188 vsque
841 2060 904 2157 ad
927 2061 1115 2154 stratam
1135 2059 1496 2190 Landerburgk
1515 2061 1782 2159 ducentem

256 2211 413 2323 usque
445 2185 509 2278 ad
539 2180 779 2308 praedium
818 2178 1067 2275 Richwini
1099 2181 1253 2273 Anno
1281 2180 1472 2274 domini
1494 2179 1679 2276 MLVL
1706 2212 1779 2277 re·
1962 2187 1965 2191 ’

86 2303 93 2308 ’
209 2414 214 2422 ¹
254 2330 342 2425 gnr
378 2301 484 2392 eius
517 2300 649 2392 xviii.
688 2299 899 2420 Imperii.
920 2327 966 2390 x.
1010 2297 1193 2392 Actum
1229 2298 1280 2389 in
1306 2293 1671 2392 Berchenstadt.
1702 2299 1808 2394 Ex.

257 2416 436 2541 quibus
475 2414 662 2509 constat
723 2413 861 2538 quod
903 2415 985 2508 hic
1029 2412 1362 2538 Engelbertus
1401 2412 1545 2506 instar
1585 2411 1780 2510 suorum
1864 2449 1871 2458 ·

255 2532 662 2658 praedecetl‘orurn
696 2527 947 2625 eccletiam
982 2545 1032 2623 et
1054 2530 1324 2654 capitutum
1354 2530 1506 2626 rebus
1537 2546 1590 2625 et
1619 2532 1777 2629 huno·

256 2651 392 2746 ribus
415 2649 705 2744 sublimauit.
766 2647 873 2771 lpse
893 2646 1107 2742 similiter
1125 2646 1467 2742 monasterium
1486 2650 1538 2741 iu
1552 2647 1776 2746 Crembs·

157 2827 162 2836 ·
255 2765 468 2862 munster
509 2762 837 2876 consecrauit,
879 2778 930 2859 et
974 2763 1319 2858 monasterium
1365 2765 1536 2859 Sancti
1572 2765 1778 2878 {floriani
1921 2773 1926 2785 '
1991 2836 1994 2844 -
2169 2800 2177 2810 ·

251 2913 283 2976 a
306 2880 561 2976 monachis
592 2879 908 2976 vendicatum
935 2877 1202 2976 Canonicis
1227 2879 1538 3020 regularibus·
1557 2882 1773 2980 restituit.

251 2999 372 3094 Eius
416 3013 641 3123 tempore
700 2999 885 3093 scilicet
931 3000 1081 3092 Anno
1122 2997 1317 3094 domini
1362 2995 1511 3120 MLij.
1564 2997 1775 3097 Sanctus

252 3116 594 3241 Wolffgangus
622 3146 649 3207 e
688 3116 785 3209 isco
825 3144 881 3207 us
903 3112 1268 3249 Ratisponenfis
1289 3148 1319 3208 a
1337 3115 1513 3209 Leone
1537 3114 1676 3240 Papa
1699 3151 1776 3215 ca·
1893 3191 1901 3203 .

252 3235 529 3446 fonizatur.
664 3144 960 3358 ngetgertus.
980 3229 1241 3354 eprscopus
1272 3231 1394 3351 obijt
1420 3232 1775 3331 mentiendas

279 3382 390 3444 un.

261 3492 265 3500 ’
324 3382 651 3563 ·13Almannus
682 3462 1055 3586 (Altmannuete
1093 3461 1287 3586 ifeopue
1318 3460 1619 3562 Patauiensrr
1651 3464 1778 3564 redu

234 3586 399 3681 ¹unnir
423 3585 570 3678 xxvii.
607 3586 836 3708 cepitque
860 3582 1012 3677 Anno
1072 3576 1227 3676 omini
1245 3579 1460 3678 MLXV.
1519 3583 1665 3680 Hunc
1689 3584 1775 3679 Al·
1915 3645 1920 3656 .

253 3732 491 3799 mannum
524 3696 723 3827 quidam
753 3699 980 3812 titulant,
1023 3703 1124 3797 imo
1161 3700 1480 3795 criminantur
1513 3699 1775 3796 Putauien·
1940 3798 1945 3807 ,

251 3820 323 3917 fis·
341 3819 554 3915 ecclesiae
581 3817 927 3912 destructorem
956 3818 1125 3914 nescio
1197 3846 1259 3909 ua
1285 3819 1506 3933 ratione,
1536 3816 1620 3913 nifi
1643 3815 1774 3917 forte

256 3940 374 4065 quia
407 3933 721 4031 Gotwicense
754 3933 984 4067 fundauit
1011 3846 1380 4050 monasterium,
1419 3939 1579 4062 primo
1615 3933 1774 4032 Cano·

256 4058 485 4153 nieorum
508 4053 804 4193 regularium
838 4052 922 4146 sub
945 4053 1194 4157 Dentono
1209 4052 1499 4180 praepoflt0‚
1529 4066 1581 4148 et
1606 4054 1774 4195 postea

252 4189 309 4268 et
352 4203 484 4267 nunc
525 4199 779 4297 nigrorum
812 4172 1195 4285 monachorum,
1225 4186 1468 4297 quatenus
1498 4171 1620 4267 inibr
1652 4174 1701 4268 iu
1900 4258 1904 4261 .
2017 4185 2021 4191 ’
2193 4275 2198 4288 ,

255 4304 335 4386 ter
366 4290 614 4386 Creatoris
647 4288 867 4383 omnium
900 4285 1074 4384 laudes
1170 4290 1424 4399 rsonarent
1451 4290 1505 4381 in
1541 4290 1654 4386 altis
1683 4293 1773 4388 vi
2007 4330 2011 4337 ·

256 4404 459 4533 quidam
489 4403 849 4532 Impudiciffimi
883 4404 1059 4501 Martis
1121 4434 1235 4501 acra
1278 4406 1585 4501 colebantur.
1623 4406 1784 4513 uam·

226 4554 413 4662 ·vsque
455 4526 620 4618 nullus
663 4523 979 4619 successorum
1023 4522 1218 4617 suorum
1261 4551 1388 4647 opus
1431 4553 1494 4650 ag
1549 4523 1671 4622 eiius
1707 4526 1773 4622 est

259 4638 497 4754 fimrliter,
535 4641 653 4737 licet
685 4640 844 4735 multo
876 4641 1019 4765 plura
1051 4634 1303 4768 propofito
1333 4641 1420 4736 suo
1524 4642 1573 4735 ia
1601 4640 1771 4738 fortas·

173 4846 180 4859 .
257 4758 314 4858 te
357 4758 643 4857 retinerent.
693 4758 893 4860 ¹Fertur
924 4754 1142 4911 denique
1189 4755 1326 4887 quod
1356 4758 1433 4858 vir
1446 4833 1451 4839 .
1465 4761 1582 4856 vitae
1596 4789 1769 4975 me.
1854 4793 1863 4816 «
1991 4740 1998 4749 “

869 4920 878 4931 .
1313 4936 1316 4944 ,
1390 4939 1394 4950 ¹
1543 4906 1600 4973 m
1829 4902 1833 4910 .
