4717 6050
1015 315 1034 371 ι
1146 351 1147 359 ,

730 468 989 603 canons.
1017 498 1382 607 nv'sunrnc.
1487 567 1490 573 -
1698 516 1774 628 at,

308 680 589 837 Diliiniturn
622 722 855 819 extiterat
887 721 1129 852 resignare
1165 725 1419 821 recusauit.
1468 722 1616 823 Tunc
1636 692 1727 826 rex
1746 760 1827 827 ro·
1961 798 2015 841 ι,
2093 806 2097 812 .
2166 716 2170 725 ’

295 854 567 939 'manorum
601 854 793 967 partem
830 840 1000 937 austrie
1035 874 1181 969 quam
1210 845 1321 971 regi
1350 840 1593 947 Bohemie
1627 845 1711 941 sub
1736 846 1824 943 ob·
1920 951 1951 966 Μ

185 1062 187 1067 ,
306 958 567 1090 llgacione.
594 985 707 1083 pro.
741 990 821 1069 xx.
852 958 1050 1169 milibus
1082 962 1270 1057 marcis.
1315 958 1550 1056 videlicet
1580 962 1824 1089 copulatis
1918 969 1940 1000 ”

162 1096 169 1151 2
306 1072 573 1192 heredibus
591 1106 687 1203 pro
708 1075 901 1180 D'otea
935 1078 1368 1205 rgnauerat'resum
1402 1078 1468 1173 lit
1530 1080 1704 1207 Itaque
1732 1112 1826 1184 rex
1930 1189 1933 1193 ,

305 1192 538 1289 bohemie
559 1195 738 1289 iterato
761 1194 974 1291 collecto
990 1197 1211 1291 exercitu
1224 1214 1348 1323 'gran
1387 1197 1399 1219 ⁶
1435 1194 1656 1291 aulln'arn
1675 1198 1824 1293 intra-

306 1312 392 1406 uit
426 1327 478 1408 et
502 1334 676 1414 omnes
700 1312 1009 1406 municiones
1039 1315 1187 1408 nouis
1208 1312 1535 1409 instrumentis
1571 1325 1622 1408 et
1642 1315 1825 1411 machi-

294 1432 400 1524 nis.
433 1432 517 1556 qui
542 1430 659 1523 catti
681 1441 935 1525 vocantur.
957 1443 1194 1555 potenter
1215 1432 1530 1557 expugnauit
1562 1445 1614 1526 et
1634 1430 1693 1525 lic
1714 1430 1825 1527 Dis·

295 1544 454 1672 'senlio
479 1562 531 1640 et
552 1574 742 1673 gwerra
763 1548 924 1673 gratiis
951 1547 1107 1643 oritur
1132 1548 1387 1644 intereos.
1418 1548 1548 1643 Nam
1569 1563 1678 1643 tota
1701 1548 1823 1678 hye-

304 1694 384 1758 me
407 1660 652 1759 Australes
675 1666 946 1776 morauiam
964 1678 1034 1759 -et
1061 1666 1329 1778 econuerso
1356 1664 1569 1789 Boherni
1590 1662 1824 1763 austriam.

302 1776 521 1876 Diuerlis
552 1783 737 1919 rapinis
768 1781 936 1907 predis
969 1798 1021 1878 et
1044 1782 1285 1906 incendiis
1306 1781 1632 1880 valiauerunt.⁴
1699 1783 1825 1881 Item

290 1896 498 1993 'Eodem
523 1910 655 1995 anno
694 1928 823 1995 crrca
844 1896 1014 1994 sellum
1047 1904 1269 1995 omniurn
1292 1902 1582 1997 sanctorum.
1609 1898 1723 1995 Rex
1744 1932 1829 1997 ro·

169 2094 173 2102 .
302 2043 561 2111 manorum
581 2030 632 2113 et
652 2046 742 2113 rex
764 2013 1076 2141 Vngarorum
1096 2020 1330 2141 (regemV
1383 2054 1563 2113 urorum
1608 2018 1660 2109 in
1672 2016 1826 2114 lilium
1993 2095 1997 2103 ,
2051 1996 2058 2009 ’

59 2173 62 2189 ·
176 2203 205 2221 ,.
301 2132 573 2261 adoptauit.
612 2148 671 2228 et·
702 2146 877 2229 omnes
909 2134 1105 2229 comani
1137 2136 1245 2256 regi
1270 2134 1348 2230 Bo
1388 2136 1514 2229 emie
1547 2020 1825 2256 denarrare-

333 2286 401 2344 em
424 2254 667 2372 Bohemr‘oe)
689 2248 867 2343 seruire
889 2250 1230 2374 promiserunt.
1289 2250 1485 2349 Eodem
1496 2266 1721 2377 ternpore
1734 2281 1826 2360 rex

289 2284 642 2503 'liemanorum
678 2364 891 2462 eundem
914 2396 1084 2495 regern
1109 2368 1322 2499 Vngarie
1354 2384 1475 2497 aput
1498 2366 1738 2493 Bruccam
1758 2366 1825 2466 ad

300 2482 565 2611 prandrum
589 2485 830 2578 invitauit.
910 2494 960 2585 ’,
1896 2531 1898 2534 ·

273 2674 277 2679 .
420 2599 768 2717 M⁰.cc.lxxviij.
810 2599 1015 2694 Inclitus
1049 2573 1218 2719 cemes
1251 2601 1543 2710 iuliacenlis.
1584 2602 1722 2697 Dum
1757 2594 1823 2697 ad

288 2714 682 2841 ‘expedicionem
708 2717 837 2852 regis
862 2747 1180 2845 romanorum
1202 2719 1250 2815 se
1308 2733 1574 2846 repararet.
1600 2734 1651 2813 et
1670 2718 1736 2814 ad
1756 2722 1822 2815 ci-

121 2908 125 2917 .
299 2835 517 2970 uitatem·
543 2832 818 2957 aquisgrani
853 2832 1019 2959 usque
1036 2838 1244 2959 perueni
1281 2854 1344 2933 et
1384 2836 1468 2933 sed
1507 2836 1823 2933 exactionem

300 2976 445 3078 quam
473 2963 631 3063 e1'rcx
655 2978 973 3075 romanorum
1005 2950 1337 3079 ordinauerat
1374 2988 1404 3052 a
1434 2954 1626 3051 ciuibus
1657 2956 1820 3084 exige·

297 3083 374 3162 ret
407 3065 567 3188 subito
602 3067 691 3162 lite
724 3083 910 3164 exorta.
940 3064 1174 3177 scindente
1207 3070 1437 3197 pestifero
1461 3073 1676 3169 conilio.
1707 3105 1822 3169 cum

298 3183 515 3280 Duobus
535 3183 703 3306 liberis
725 3184 833 3293 suis.
857 3216 913 3278 ac
938 3183 1187 3282 Ducentis
1202 3189 1460 3288 militibus.
1484 3206 1534 3286 et
1555 3189 1661 3286 sere
1682 3192 1819 3288 mille

151 3321 154 3327 ’
300 3299 711 3423 elijsbolninibus
733 3300 827 3396 suis
850 3300 1008 3439 proch
1030 3300 1191 3397 dolor.
1223 3308 1276 3400 in
1300 3307 1677 3446 quadragesima.
1703 3326 1820 3404 ante

295 3415 551 3528 ecclesiam
573 3416 719 3512 beate
741 3417 956 3544 Virgrnis
979 3448 1009 3511 a
1029 3419 1267 3542 predictis
1289 3425 1479 3529 cluibus
1503 3441 1554 3520 et
1579 3425 1662 3518 vul
1698 3458 1729 3520 ο
1755 3425 1822 3520 eli

287 3533 637 3644 miserabiliter
660 3535 859 3630 occisus.
926 3533 1258 3640 Reuertemur
1273 3553 1398 3668 ‘ergo
1420 3540 1484 3634 ad
1505 3573 1596 3667 pro
1635 3455 1820 3638 einum.

301 3666 353 3748 et
390 3653 505 3777 quia
537 3667 712 3748 natura
749 3653 964 3746 humana
991 3652 1189 3794 ,semper
1219 3689 1379 3781 prona
1404 3659 1479 3775 ,cll
1512 3657 1576 3757 ad
1599 3576 1819 3786 iitigium

301 3767 491 3870 Videns
529 3799 617 3866 rex
654 3771 911 3867 Bohemi'e'
933 3765 1484 3988 quodnrleroliceret}
1514 3776 1718 3875 rellituit
1736 3807 1820 3872 au-

249 3876 534 3982 vstrattbus.
553 3884 758 3999 ,obfides
795 3903 845 3984 et
880 3885 1118 4015 captiuos,
1223 3882 1493 4020 yademata
1516 3926 1650 3994 uero
1688 3897 1818 4020 regis

300 4003 514 4130 Vng'arie
536 4004 747 4102 reddere
776 4003 953 4100 noluit.
976 4003 1185 4104 asserens
1208 4010 1463 4138 quod'hec
1486 4027 1537 4108 et
1558 4013 1656 4108 alia
1671 4013 1819 4108 que·
1921 4053 1924 4060 ·

298 4123 353 4217 ni
376 4123 481 4333 rffii
500 4122 811 4248 Vngarorum
835 4119 995 4220 adhuc
1021 4252 1023 4258 Ι
1053 4127 1226 4224 uerulo
1249 4127 1397 4256 usque
1421 4129 1559 4222 Dum
1590 4130 1817 4256 perueni-

302 4253 379 4338 ret
491 4269 649 4335 annos
672 4240 996 4358 discrecionis
1045 4245 1205 4371 ‘gnius
1228 4279 1375 4374 quam
1399 4247 1523 4342 alius
1555 4262 1604 4342 et
1625 4245 1819 4344 fidelius

304 4371 557 4469 teneretur
592 4374 798 4486 propter
831 4355 1015 4470 lineam
1050 4363 1478 4492 consanguinitatis
1514 4365 1818 4463 conseruare.

304 4464 612 4598 Frequenter
645 4493 770 4576 ve'r'o
838 4475 1029 4602 redicto
1063 4509 1382 4580 romanorum
1413 4514 1468 4581 re
1503 4484 1535 4588 i·
1576 4483 1818 4581 scribebat

289 4588 454 4685 ‘verba
481 4591 702 4730 pacificat·
729 4597 781 4692 in
801 4507 935 4691 liuns
961 4592 1176 4730 medum.
1208 4599 1291 4695 sed
1316 4600 1369 4722 in
1391 4513 1530 4715 doliu,
1567 4599 1815 4697 Serenilli·

302 4735 387 4807 mo
410 4706 634 4804 Dommo
656 4711 754 4808 suo.
776 4703 1015 4822 Rudolio.
1040 4713 1679 4856 Dei„gracia.‚romanorum
1699 4722 1817 4857 regi.

214 4929 247 4950 ¹,
299 4821 488 4964 semper
511 4825 741 4955 Augusto.
786 4831 1034 4950 Otakarus
1067 4833 1171 5050 Pil
1207 4851 1260 4934 et
1287 4837 1360 4935 sui
1385 4837 1548 4965 gracia
1571 4827 1816 5050 Boflemre
1956 4898 1961 4906 ι

328 4978 333 4992 ι
1171 4987 1205 5078 3
1568 4967 1580 4988 ³
1699 4981 1763 5048 ex
