<?xml version="1.0" encoding="UTF-8"?>
<!DOCTYPE html PUBLIC "-//W3C//DTD XHTML 1.0 Transitional//EN"
    "http://www.w3.org/TR/xhtml1/DTD/xhtml1-transitional.dtd">
<html xmlns="http://www.w3.org/1999/xhtml" xml:lang="en" lang="en">
 <head>
  <title>
</title>
<meta http-equiv="Content-Type" content="text/html;charset=utf-8" />
  <meta name='ocr-system' content='tesseract 3.04.00' />
  <meta name='ocr-capabilities' content='ocr_page ocr_carea ocr_par ocr_line ocrx_word'/>
</head>
<body>
  <div class='ocr_page' id='page_1' title='image "./rerumavstriacar00raucgoog_0334.png"; bbox 0 0 4717 6050; ppageno 0'>
   <div class='ocr_carea' id='block_1_1' title="bbox 779 446 2076 593">
    <p class='ocr_par' dir='ltr' id='par_1_1' title="bbox 779 446 2076 593">
     <span class='ocr_line' id='line_1_1' title="bbox 779 446 2076 593; baseline 0.039 -53"><span class='ocrx_word' id='word_1_1' title='bbox 779 448 1369 567; x_wconf 65' lang='lat' dir='ltr'><strong>munerasse</strong></span> <span class='ocrx_word' id='word_1_2' title='bbox 1522 544 1534 559; x_wconf 88' lang='lat'><strong>.</strong></span> <span class='ocrx_word' id='word_1_3' title='bbox 1683 446 1818 593; x_wconf 56' lang='lat' dir='ltr'><strong>aas</strong></span> <span class='ocrx_word' id='word_1_4' title='bbox 1960 572 1975 581; x_wconf 91' lang='lat'><strong>.</strong></span> <span class='ocrx_word' id='word_1_5' title='bbox 2072 581 2076 590; x_wconf 80' lang='grc'>,</span> 
     </span>
    </p>
   </div>
   <div class='ocr_carea' id='block_1_2' title="bbox 27 648 2005 1836">
    <p class='ocr_par' dir='ltr' id='par_1_2' title="bbox 294 648 1812 922">
     <span class='ocr_line' id='line_1_2' title="bbox 332 648 1812 801; baseline -0.002 -25"><span class='ocrx_word' id='word_1_6' title='bbox 332 690 437 785; x_wconf 80' lang='lat' dir='ltr'><strong>arte</strong></span> <span class='ocrx_word' id='word_1_7' title='bbox 460 670 585 785; x_wconf 82' lang='lat' dir='ltr'><strong>sedis</strong></span> <span class='ocrx_word' id='word_1_8' title='bbox 604 672 1100 801; x_wconf 74' lang='lat' dir='ltr'><strong>legatus-wiennam</strong></span> <span class='ocrx_word' id='word_1_9' title='bbox 1123 648 1430 768; x_wconf 82' lang='lat' dir='ltr'><strong>conueniunt</strong></span> <span class='ocrx_word' id='word_1_10' title='bbox 1455 670 1519 767; x_wconf 85' lang='lat' dir='ltr'><strong>ad</strong></span> <span class='ocrx_word' id='word_1_11' title='bbox 1545 656 1735 773; x_wconf 85' lang='lat' dir='ltr'><strong>ducem</strong></span> <span class='ocrx_word' id='word_1_12' title='bbox 1744 679 1812 775; x_wconf 88' lang='lat' dir='ltr'><strong>al·</strong></span> 
     </span>
     <span class='ocr_line' id='line_1_3' title="bbox 294 708 1728 922; baseline -0.003 -23"><span class='ocrx_word' id='word_1_13' title='bbox 294 708 490 899; x_wconf 72' lang='lat' dir='ltr'><strong>bertum</strong></span> <span class='ocrx_word' id='word_1_14' title='bbox 513 794 596 922; x_wconf 91' lang='lat' dir='ltr'><strong>qui</strong></span> <span class='ocrx_word' id='word_1_15' title='bbox 612 790 813 893; x_wconf 83' lang='lat' dir='ltr'><strong>occulta</strong></span> <span class='ocrx_word' id='word_1_16' title='bbox 835 821 900 893; x_wconf 85' lang='lat' dir='ltr'><strong>ne</strong></span> <span class='ocrx_word' id='word_1_17' title='bbox 934 792 1043 885; x_wconf 90' lang='lat' dir='ltr'><strong>ocia</strong></span> <span class='ocrx_word' id='word_1_18' title='bbox 1064 790 1194 887; x_wconf 90' lang='lat' dir='ltr'><strong>inter</strong></span> <span class='ocrx_word' id='word_1_19' title='bbox 1218 792 1570 915; x_wconf 67' lang='lat' dir='ltr'><strong>retractantes.</strong></span> <span class='ocrx_word' id='word_1_20' title='bbox 1601 867 1607 891; x_wconf 78' lang='lat'><strong>.</strong></span> <span class='ocrx_word' id='word_1_21' title='bbox 1725 890 1728 895; x_wconf 83' lang='lat'>.</span> 
     </span>
    </p>

    <p class='ocr_par' dir='ltr' id='par_1_3' title="bbox 289 908 2005 1629">
     <span class='ocr_line' id='line_1_4' title="bbox 360 908 1210 1023; baseline -0.001 -17"><span class='ocrx_word' id='word_1_22' title='bbox 360 937 363 941; x_wconf 84' lang='grc'><em>·</em></span> <span class='ocrx_word' id='word_1_23' title='bbox 704 914 842 1023; x_wconf 79' lang='lat' dir='ltr'><strong>Rubr.</strong></span> <span class='ocrx_word' id='word_1_24' title='bbox 932 912 962 1003; x_wconf 84' lang='lat'><strong>&#39;.</strong></span> <span class='ocrx_word' id='word_1_25' title='bbox 978 908 1210 1005; x_wconf 82' lang='lat' dir='ltr'><strong>ccc⁰.L¹²¹⁰·</strong></span> 
     </span>
     <span class='ocr_line' id='line_1_5' title="bbox 298 1026 1811 1127; baseline -0.001 -1"><span class='ocrx_word' id='word_1_26' title='bbox 298 1078 305 1087; x_wconf 95' lang='lat'>·</span> <span class='ocrx_word' id='word_1_27' title='bbox 350 1064 354 1071; x_wconf 91' lang='lat'>·</span> <span class='ocrx_word' id='word_1_28' title='bbox 410 1032 587 1127; x_wconf 85' lang='lat' dir='ltr'><strong>Annus</strong></span> <span class='ocrx_word' id='word_1_29' title='bbox 616 1026 831 1125; x_wconf 82' lang='lat' dir='ltr'><strong>iubileus</strong></span> <span class='ocrx_word' id='word_1_30' title='bbox 862 1026 915 1123; x_wconf 84' lang='lat' dir='ltr'><strong>fit</strong></span> <span class='ocrx_word' id='word_1_31' title='bbox 937 1029 1212 1125; x_wconf 85' lang='lat' dir='ltr'><strong>communis</strong></span> <span class='ocrx_word' id='word_1_32' title='bbox 1236 1026 1496 1124; x_wconf 87' lang='lat' dir='ltr'><strong>concursus</strong></span> <span class='ocrx_word' id='word_1_33' title='bbox 1521 1030 1685 1123; x_wconf 87' lang='lat' dir='ltr'><strong>versus</strong></span> <span class='ocrx_word' id='word_1_34' title='bbox 1709 1026 1811 1125; x_wconf 89' lang='lat' dir='ltr'><strong>Ro·</strong></span> 
     </span>
     <span class='ocr_line' id='line_1_6' title="bbox 293 1143 1815 1271; baseline -0.003 -26"><span class='ocrx_word' id='word_1_35' title='bbox 293 1178 420 1245; x_wconf 83' lang='lat' dir='ltr'><strong>mam</strong></span> <span class='ocrx_word' id='word_1_36' title='bbox 464 1146 706 1244; x_wconf 85' lang='lat' dir='ltr'><strong>ab-omni</strong></span> <span class='ocrx_word' id='word_1_37' title='bbox 785 1159 888 1242; x_wconf 88' lang='lat' dir='ltr'><strong>arte</strong></span> <span class='ocrx_word' id='word_1_38' title='bbox 929 1143 1101 1241; x_wconf 92' lang='lat' dir='ltr'><strong>mundi</strong></span> <span class='ocrx_word' id='word_1_39' title='bbox 1145 1176 1208 1239; x_wconf 90' lang='lat' dir='ltr'><strong>ex</strong></span> <span class='ocrx_word' id='word_1_40' title='bbox 1249 1161 1458 1271; x_wconf 89' lang='lat' dir='ltr'><strong>vtroque</strong></span> <span class='ocrx_word' id='word_1_41' title='bbox 1501 1146 1641 1258; x_wconf 86' lang='lat' dir='ltr'><strong>sexu,</strong></span> <span class='ocrx_word' id='word_1_42' title='bbox 1682 1147 1815 1268; x_wconf 76' lang='lat' dir='ltr'><strong>circa</strong></span> 
     </span>
     <span class='ocr_line' id='line_1_7' title="bbox 290 1177 1820 1393; baseline -0.004 -28"><span class='ocrx_word' id='word_1_43' title='bbox 290 1266 618 1373; x_wconf 79' lang='lat' dir='ltr'><strong>ascenfionem</strong></span> <span class='ocrx_word' id='word_1_44' title='bbox 651 1177 927 1371; x_wconf 68' lang='lat' dir='ltr'><strong>celebratur</strong></span> <span class='ocrx_word' id='word_1_45' title='bbox 959 1260 1224 1381; x_wconf 82' lang='lat' dir='ltr'><strong>concilium</strong></span> <span class='ocrx_word' id='word_1_46' title='bbox 1245 1254 1425 1390; x_wconf 78' lang='lat' dir='ltr'><strong>padue.</strong></span> <span class='ocrx_word' id='word_1_47' title='bbox 1444 1264 1698 1393; x_wconf 66' lang='lat' dir='ltr'><strong>(Batavis),</strong></span> <span class='ocrx_word' id='word_1_48' title='bbox 1725 1264 1820 1359; x_wconf 71' lang='lat' dir='ltr'><strong>ubi·</strong></span> 
     </span>
     <span class='ocr_line' id='line_1_8' title="bbox 290 1377 1873 1508; baseline -0.003 -29"><span class='ocrx_word' id='word_1_49' title='bbox 290 1384 531 1488; x_wconf 85' lang='lat' dir='ltr'><strong>Decanus</strong></span> <span class='ocrx_word' id='word_1_50' title='bbox 566 1398 683 1479; x_wconf 88' lang='lat' dir='ltr'><strong>tunc</strong></span> <span class='ocrx_word' id='word_1_51' title='bbox 717 1377 1040 1478; x_wconf 85' lang='lat' dir='ltr'><strong>Chremscnsrs</strong></span> <span class='ocrx_word' id='word_1_52' title='bbox 1066 1379 1245 1475; x_wconf 89' lang='lat' dir='ltr'><strong>multas</strong></span> <span class='ocrx_word' id='word_1_53' title='bbox 1270 1411 1417 1508; x_wconf 90' lang='lat' dir='ltr'><strong>prero</strong></span> <span class='ocrx_word' id='word_1_54' title='bbox 1452 1384 1609 1477; x_wconf 86' lang='lat' dir='ltr'><strong>atiuas</strong></span> <span class='ocrx_word' id='word_1_55' title='bbox 1641 1396 1814 1479; x_wconf 88' lang='lat' dir='ltr'><strong>contra</strong></span> <span class='ocrx_word' id='word_1_56' title='bbox 1871 1418 1873 1420; x_wconf 58' lang='grc'><strong><em>’</em></strong></span> 
     </span>
     <span class='ocr_line' id='line_1_9' title="bbox 289 1412 2005 1629; baseline -0.002 -32"><span class='ocrx_word' id='word_1_57' title='bbox 289 1502 569 1629; x_wconf 80' lang='lat' dir='ltr'><strong>Religiosos</strong></span> <span class='ocrx_word' id='word_1_58' title='bbox 603 1500 818 1611; x_wconf 77' lang='lat' dir='ltr'><strong>chremse</strong></span> <span class='ocrx_word' id='word_1_59' title='bbox 849 1498 1130 1609; x_wconf 72' lang='lat' dir='ltr'><strong>habitantes</strong></span> <span class='ocrx_word' id='word_1_60' title='bbox 1162 1498 1288 1595; x_wconf 84' lang='lat' dir='ltr'><strong>dixit</strong></span> <span class='ocrx_word' id='word_1_61' title='bbox 1311 1501 1359 1593; x_wconf 92' lang='lat' dir='ltr'><strong>se</strong></span> <span class='ocrx_word' id='word_1_62' title='bbox 1385 1412 1656 1604; x_wconf 67' lang='lat' dir='ltr'><strong>obtinuisse.</strong></span> <span class='ocrx_word' id='word_1_63' title='bbox 1689 1530 1812 1627; x_wconf 85' lang='lat' dir='ltr'><strong>quas</strong></span> <span class='ocrx_word' id='word_1_64' title='bbox 1852 1510 1859 1519; x_wconf 83' lang='grc'><em>“</em></span> <span class='ocrx_word' id='word_1_65' title='bbox 1989 1498 2005 1531; x_wconf 80' lang='grc'><strong><em>’</em></strong></span> 
     </span>
    </p>

    <p class='ocr_par' dir='ltr' id='par_1_4' title="bbox 27 1614 1811 1836">
     <span class='ocr_line' id='line_1_10' title="bbox 196 1614 1811 1744; baseline 0 -31"><span class='ocrx_word' id='word_1_66' title='bbox 196 1646 198 1651; x_wconf 76' lang='grc'>’</span> <span class='ocrx_word' id='word_1_67' title='bbox 291 1621 309 1713; x_wconf 93' lang='lat' dir='ltr'><strong>i</strong></span> <span class='ocrx_word' id='word_1_68' title='bbox 347 1621 392 1715; x_wconf 94' lang='lat' dir='ltr'><strong>se</strong></span> <span class='ocrx_word' id='word_1_69' title='bbox 418 1635 584 1713; x_wconf 87' lang='lat' dir='ltr'><strong>tamen</strong></span> <span class='ocrx_word' id='word_1_70' title='bbox 610 1648 875 1743; x_wconf 86' lang='lat' dir='ltr'><strong>numquam</strong></span> <span class='ocrx_word' id='word_1_71' title='bbox 906 1617 1045 1712; x_wconf 84' lang='lat' dir='ltr'><strong>ausus</strong></span> <span class='ocrx_word' id='word_1_72' title='bbox 1068 1614 1162 1712; x_wconf 87' lang='lat' dir='ltr'><strong>suit</strong></span> <span class='ocrx_word' id='word_1_73' title='bbox 1193 1614 1440 1715; x_wconf 84' lang='lat' dir='ltr'><strong>deducere</strong></span> <span class='ocrx_word' id='word_1_74' title='bbox 1471 1619 1525 1714; x_wconf 90' lang='lat' dir='ltr'><strong>in</strong></span> <span class='ocrx_word' id='word_1_75' title='bbox 1544 1617 1811 1744; x_wconf 89' lang='lat' dir='ltr'><strong>publicum.</strong></span> 
     </span>
     <span class='ocr_line' id='line_1_11' title="bbox 27 1734 1350 1836; baseline -0.002 -4"><span class='ocrx_word' id='word_1_76' title='bbox 27 1742 33 1757; x_wconf 84' lang='lat'><em>&#39;</em></span> <span class='ocrx_word' id='word_1_77' title='bbox 348 1734 567 1833; x_wconf 87' lang='lat' dir='ltr'><strong>edicacio</strong></span> <span class='ocrx_word' id='word_1_78' title='bbox 599 1768 646 1836; x_wconf 86' lang='lat' dir='ltr'><strong>v.</strong></span> <span class='ocrx_word' id='word_1_79' title='bbox 671 1735 897 1831; x_wconf 85' lang='lat' dir='ltr'><strong>altarium</strong></span> <span class='ocrx_word' id='word_1_80' title='bbox 927 1734 979 1829; x_wconf 90' lang='lat' dir='ltr'><strong>in</strong></span> <span class='ocrx_word' id='word_1_81' title='bbox 1009 1764 1145 1830; x_wconf 93' lang='lat' dir='ltr'><strong>nouo</strong></span> <span class='ocrx_word' id='word_1_82' title='bbox 1179 1735 1350 1832; x_wconf 86' lang='lat' dir='ltr'><strong>choro.</strong></span> 
     </span>
    </p>
   </div>
   <div class='ocr_carea' id='block_1_3' title="bbox 38 1851 2213 4804">
    <p class='ocr_par' dir='ltr' id='par_1_5' title="bbox 285 1851 1998 2909">
     <span class='ocr_line' id='line_1_12' title="bbox 539 1851 1232 1973; baseline -0.006 -24.562"><span class='ocrx_word' id='word_1_83' title='bbox 539 1875 544 1884; x_wconf 83' lang='lat'>&#39;</span> <span class='ocrx_word' id='word_1_84' title='bbox 700 1851 1184 1973; x_wconf 74' lang='lat' dir='ltr'><strong>Rulr.M⁶.-ccc⁰.lj‘⁰·</strong></span> <span class='ocrx_word' id='word_1_85' title='bbox 1228 1919 1232 1925; x_wconf 80' lang='lat'>·</span> 
     </span>
     <span class='ocr_line' id='line_1_13' title="bbox 408 1966 1823 2097; baseline -0.003 -28.252"><span class='ocrx_word' id='word_1_86' title='bbox 408 1974 560 2071; x_wconf 84' lang='lat' dir='ltr'><strong>Facta</strong></span> <span class='ocrx_word' id='word_1_87' title='bbox 591 1970 874 2097; x_wconf 81' lang='lat' dir='ltr'><strong>estmagna</strong></span> <span class='ocrx_word' id='word_1_88' title='bbox 896 1970 1162 2065; x_wconf 89' lang='lat' dir='ltr'><strong>altercacio</strong></span> <span class='ocrx_word' id='word_1_89' title='bbox 1202 1970 1335 2064; x_wconf 88' lang='lat' dir='ltr'><strong>inter</strong></span> <span class='ocrx_word' id='word_1_90' title='bbox 1375 1968 1501 2065; x_wconf 93' lang='lat' dir='ltr'><strong>duos</strong></span> <span class='ocrx_word' id='word_1_91' title='bbox 1544 1966 1606 2064; x_wconf 91' lang='lat' dir='ltr'><strong>de</strong></span> <span class='ocrx_word' id='word_1_92' title='bbox 1632 1972 1775 2066; x_wconf 84' lang='lat' dir='ltr'><strong>Wals</strong></span> <span class='ocrx_word' id='word_1_93' title='bbox 1800 1998 1823 2067; x_wconf 81' lang='lat'><strong>‚⁰</strong></span> 
     </span>
     <span class='ocr_line' id='line_1_14' title="bbox 285 2084 1811 2202; baseline -0.001 -16"><span class='ocrx_word' id='word_1_94' title='bbox 285 2107 342 2187; x_wconf 83' lang='lat' dir='ltr'><strong>et</strong></span> <span class='ocrx_word' id='word_1_95' title='bbox 362 2088 591 2186; x_wconf 86' lang='lat' dir='ltr'><strong>domino·</strong></span> <span class='ocrx_word' id='word_1_96' title='bbox 620 2084 1036 2195; x_wconf 64' lang='lat' dir='ltr'><strong>chRosenberch</strong></span> <span class='ocrx_word' id='word_1_97' title='bbox 1079 2101 1131 2187; x_wconf 91' lang='lat' dir='ltr'><strong>et</strong></span> <span class='ocrx_word' id='word_1_98' title='bbox 1162 2084 1367 2202; x_wconf 84' lang='lat' dir='ltr'><strong>domino</strong></span> <span class='ocrx_word' id='word_1_99' title='bbox 1399 2084 1463 2188; x_wconf 89' lang='lat' dir='ltr'><strong>de</strong></span> <span class='ocrx_word' id='word_1_100' title='bbox 1495 2116 1631 2180; x_wconf 85' lang='lat' dir='ltr'><strong>noua</strong></span> <span class='ocrx_word' id='word_1_101' title='bbox 1659 2085 1811 2185; x_wconf 89' lang='lat' dir='ltr'><strong>domo</strong></span> 
     </span>
     <span class='ocr_line' id='line_1_15' title="bbox 288 2198 1998 2331; baseline -0.003 -26"><span class='ocrx_word' id='word_1_102' title='bbox 288 2212 342 2305; x_wconf 92' lang='lat' dir='ltr'><strong>in</strong></span> <span class='ocrx_word' id='word_1_103' title='bbox 367 2224 559 2304; x_wconf 85' lang='lat' dir='ltr'><strong>tantum</strong></span> <span class='ocrx_word' id='word_1_104' title='bbox 589 2203 734 2331; x_wconf 89' lang='lat' dir='ltr'><strong>quod·</strong></span> <span class='ocrx_word' id='word_1_105' title='bbox 759 2218 868 2311; x_wconf 80' lang='lat' dir='ltr'><strong>¹tota</strong></span> <span class='ocrx_word' id='word_1_106' title='bbox 892 2204 1061 2297; x_wconf 86' lang='lat' dir='ltr'><strong>auslria</strong></span> <span class='ocrx_word' id='word_1_107' title='bbox 1084 2200 1329 2327; x_wconf 81' lang='lat' dir='ltr'><strong>devastata</strong></span> <span class='ocrx_word' id='word_1_108' title='bbox 1359 2233 1476 2297; x_wconf 88' lang='lat' dir='ltr'><strong>vere</strong></span> <span class='ocrx_word' id='word_1_109' title='bbox 1506 2200 1599 2297; x_wconf 91' lang='lat' dir='ltr'><strong>fuit</strong></span> <span class='ocrx_word' id='word_1_110' title='bbox 1629 2202 1692 2299; x_wconf 89' lang='lat' dir='ltr'><strong>ab</strong></span> <span class='ocrx_word' id='word_1_111' title='bbox 1717 2205 1812 2323; x_wconf 80' lang='lat' dir='ltr'><strong>hiis</strong></span> <span class='ocrx_word' id='word_1_112' title='bbox 1978 2198 1998 2242; x_wconf 78' lang='grc'><strong>“’</strong></span> 
     </span>
     <span class='ocr_line' id='line_1_16' title="bbox 325 2319 1812 2447; baseline -0.001 -28"><span class='ocrx_word' id='word_1_113' title='bbox 325 2328 376 2421; x_wconf 94' lang='lat' dir='ltr'><strong>ui</strong></span> <span class='ocrx_word' id='word_1_114' title='bbox 406 2324 452 2417; x_wconf 93' lang='lat' dir='ltr'><strong>se</strong></span> <span class='ocrx_word' id='word_1_115' title='bbox 484 2321 822 2447; x_wconf 86' lang='lat' dir='ltr'><strong>preparabant</strong></span> <span class='ocrx_word' id='word_1_116' title='bbox 851 2319 916 2415; x_wconf 91' lang='lat' dir='ltr'><strong>ad</strong></span> <span class='ocrx_word' id='word_1_117' title='bbox 945 2349 1161 2447; x_wconf 85' lang='lat' dir='ltr'><strong>pugnam</strong></span> <span class='ocrx_word' id='word_1_118' title='bbox 1203 2336 1376 2415; x_wconf 90' lang='lat' dir='ltr'><strong>contra</strong></span> <span class='ocrx_word' id='word_1_119' title='bbox 1405 2320 1665 2417; x_wconf 86' lang='lat' dir='ltr'><strong>bohemos.</strong></span> <span class='ocrx_word' id='word_1_120' title='bbox 1705 2335 1812 2416; x_wconf 71' lang='lat' dir='ltr'><strong>tan-</strong></span> 
     </span>
     <span class='ocr_line' id='line_1_17' title="bbox 289 2356 1812 2563; baseline -0.003 -25"><span class='ocrx_word' id='word_1_121' title='bbox 289 2356 406 2538; x_wconf 74' lang='lat' dir='ltr'><strong>dem</strong></span> <span class='ocrx_word' id='word_1_122' title='bbox 437 2436 668 2536; x_wconf 91' lang='lat' dir='ltr'><strong>dominus</strong></span> <span class='ocrx_word' id='word_1_123' title='bbox 690 2438 951 2533; x_wconf 89' lang='lat' dir='ltr'><strong>Hainricus</strong></span> <span class='ocrx_word' id='word_1_124' title='bbox 983 2434 1046 2531; x_wconf 89' lang='lat' dir='ltr'><strong>de</strong></span> <span class='ocrx_word' id='word_1_125' title='bbox 1078 2468 1212 2535; x_wconf 91' lang='lat' dir='ltr'><strong>noua</strong></span> <span class='ocrx_word' id='word_1_126' title='bbox 1237 2434 1405 2533; x_wconf 89' lang='lat' dir='ltr'><strong>domo.</strong></span> <span class='ocrx_word' id='word_1_127' title='bbox 1437 2440 1628 2563; x_wconf 90' lang='lat' dir='ltr'><strong>capitur</strong></span> <span class='ocrx_word' id='word_1_128' title='bbox 1649 2439 1712 2533; x_wconf 91' lang='lat' dir='ltr'><strong>ab</strong></span> <span class='ocrx_word' id='word_1_129' title='bbox 1728 2470 1812 2533; x_wconf 91' lang='lat' dir='ltr'><strong>au·</strong></span> 
     </span>
     <span class='ocr_line' id='line_1_18' title="bbox 287 2553 1813 2685; baseline -0.003 -29"><span class='ocrx_word' id='word_1_130' title='bbox 287 2560 526 2657; x_wconf 83' lang='lat' dir='ltr'><strong>slralibus.</strong></span> <span class='ocrx_word' id='word_1_131' title='bbox 570 2571 620 2662; x_wconf 82' lang='lat' dir='ltr'><strong>ct</strong></span> <span class='ocrx_word' id='word_1_132' title='bbox 653 2557 705 2653; x_wconf 92' lang='lat' dir='ltr'><strong>in</strong></span> <span class='ocrx_word' id='word_1_133' title='bbox 739 2555 1014 2681; x_wconf 88' lang='lat' dir='ltr'><strong>potenstain</strong></span> <span class='ocrx_word' id='word_1_134' title='bbox 1047 2557 1099 2669; x_wconf 83' lang='lat' dir='ltr'><strong>in</strong></span> <span class='ocrx_word' id='word_1_135' title='bbox 1121 2554 1420 2675; x_wconf 73' lang='lat' dir='ltr'><strong>vinculatur.¹</strong></span> <span class='ocrx_word' id='word_1_136' title='bbox 1449 2553 1536 2653; x_wconf 85' lang='lat' dir='ltr'><strong>sed</strong></span> <span class='ocrx_word' id='word_1_137' title='bbox 1564 2588 1658 2685; x_wconf 91' lang='lat' dir='ltr'><strong>pro</strong></span> <span class='ocrx_word' id='word_1_138' title='bbox 1691 2555 1813 2681; x_wconf 80' lang='lat' dir='ltr'><strong>duo·</strong></span> 
     </span>
     <span class='ocr_line' id='line_1_19' title="bbox 292 2670 1363 2798; baseline -0.005 -25"><span class='ocrx_word' id='word_1_139' title='bbox 292 2677 386 2774; x_wconf 88' lang='lat' dir='ltr'><strong>bus</strong></span> <span class='ocrx_word' id='word_1_140' title='bbox 417 2672 615 2769; x_wconf 88' lang='lat' dir='ltr'><strong>milibus</strong></span> <span class='ocrx_word' id='word_1_141' title='bbox 645 2674 906 2798; x_wconf 80' lang='lat' dir='ltr'><strong>sexagenis</strong></span> <span class='ocrx_word' id='word_1_142' title='bbox 933 2670 1060 2770; x_wconf 89' lang='lat' dir='ltr'><strong>liber</strong></span> <span class='ocrx_word' id='word_1_143' title='bbox 1091 2670 1363 2789; x_wconf 85' lang='lat' dir='ltr'><strong>dimittitur.</strong></span> 
     </span>
     <span class='ocr_line' id='line_1_20' title="bbox 319 2788 1197 2909; baseline -0.01 -18"><span class='ocrx_word' id='word_1_144' title='bbox 319 2876 328 2891; x_wconf 77' lang='grc'><strong><em>,</em></strong></span> <span class='ocrx_word' id='word_1_145' title='bbox 371 2871 375 2879; x_wconf 88' lang='grc'><em>.</em></span> <span class='ocrx_word' id='word_1_146' title='bbox 699 2796 839 2899; x_wconf 80' lang='lat' dir='ltr'><strong>Rubr,</strong></span> <span class='ocrx_word' id='word_1_147' title='bbox 866 2788 971 2899; x_wconf 73' lang='grc' dir='ltr'><strong>,Μῖ</strong></span> <span class='ocrx_word' id='word_1_148' title='bbox 985 2790 1099 2883; x_wconf 79' lang='lat' dir='ltr'><strong>ccc⁰.</strong></span> <span class='ocrx_word' id='word_1_149' title='bbox 1114 2788 1197 2909; x_wconf 82' lang='lat' dir='ltr'><strong>lij⁰.</strong></span> 
     </span>
    </p>

    <p class='ocr_par' dir='ltr' id='par_1_6' title="bbox 285 2902 1813 3621">
     <span class='ocr_line' id='line_1_21' title="bbox 406 2902 1813 3035; baseline 0.003 -32"><span class='ocrx_word' id='word_1_150' title='bbox 406 2910 552 3004; x_wconf 88' lang='lat' dir='ltr'><strong>Circa</strong></span> <span class='ocrx_word' id='word_1_151' title='bbox 581 2907 751 3005; x_wconf 78' lang='lat' dir='ltr'><strong>felium</strong></span> <span class='ocrx_word' id='word_1_152' title='bbox 776 2902 1139 3035; x_wconf 84' lang='lat' dir='ltr'><strong>penthecosten.</strong></span> <span class='ocrx_word' id='word_1_153' title='bbox 1160 2906 1326 3001; x_wconf 90' lang='lat' dir='ltr'><strong>incole</strong></span> <span class='ocrx_word' id='word_1_154' title='bbox 1359 2904 1653 3003; x_wconf 85' lang='lat' dir='ltr'><strong>desweincz</strong></span> <span class='ocrx_word' id='word_1_155' title='bbox 1674 2910 1813 3007; x_wconf 71' lang='lat' dir='ltr'><strong>&#39;circa</strong></span> 
     </span>
     <span class='ocr_line' id='line_1_22' title="bbox 286 3026 1811 3128; baseline 0.001 -3"><span class='ocrx_word' id='word_1_156' title='bbox 286 3031 517 3128; x_wconf 85' lang='lat' dir='ltr'><strong>sw-euiam</strong></span> <span class='ocrx_word' id='word_1_157' title='bbox 550 3026 665 3123; x_wconf 92' lang='lat' dir='ltr'><strong>duci</strong></span> <span class='ocrx_word' id='word_1_158' title='bbox 695 3027 887 3122; x_wconf 91' lang='lat' dir='ltr'><strong>alberto</strong></span> <span class='ocrx_word' id='word_1_159' title='bbox 930 3056 1028 3118; x_wconf 86' lang='lat' dir='ltr'><strong>vna</strong></span> <span class='ocrx_word' id='word_1_160' title='bbox 1062 3055 1170 3119; x_wconf 92' lang='lat' dir='ltr'><strong>cum</strong></span> <span class='ocrx_word' id='word_1_161' title='bbox 1203 3057 1374 3121; x_wconf 91' lang='lat' dir='ltr'><strong>zurum</strong></span> <span class='ocrx_word' id='word_1_162' title='bbox 1407 3028 1458 3121; x_wconf 91' lang='lat' dir='ltr'><strong>in</strong></span> <span class='ocrx_word' id='word_1_163' title='bbox 1483 3029 1663 3122; x_wconf 91' lang='lat' dir='ltr'><strong>sweuia</strong></span> <span class='ocrx_word' id='word_1_164' title='bbox 1700 3029 1811 3126; x_wconf 87' lang='lat' dir='ltr'><strong>suos</strong></span> 
     </span>
     <span class='ocr_line' id='line_1_23' title="bbox 285 3142 1812 3263; baseline -0.001 -19"><span class='ocrx_word' id='word_1_165' title='bbox 285 3145 600 3243; x_wconf 76' lang='lat' dir='ltr'><strong>invadentes.</strong></span> <span class='ocrx_word' id='word_1_166' title='bbox 627 3160 677 3238; x_wconf 88' lang='lat' dir='ltr'><strong>et</strong></span> <span class='ocrx_word' id='word_1_167' title='bbox 708 3145 874 3241; x_wconf 89' lang='lat' dir='ltr'><strong>multis</strong></span> <span class='ocrx_word' id='word_1_168' title='bbox 906 3142 1217 3263; x_wconf 77' lang='lat' dir='ltr'><strong>contumeliis</strong></span> <span class='ocrx_word' id='word_1_169' title='bbox 1242 3143 1338 3238; x_wconf 78' lang='lat' dir='ltr'><strong>sine</strong></span> <span class='ocrx_word' id='word_1_170' title='bbox 1364 3145 1503 3239; x_wconf 89' lang='lat' dir='ltr'><strong>causa</strong></span> <span class='ocrx_word' id='word_1_171' title='bbox 1527 3145 1812 3243; x_wconf 88' lang='lat' dir='ltr'><strong>afficientes.</strong></span> 
     </span>
     <span class='ocr_line' id='line_1_24' title="bbox 288 3259 1811 3397; baseline -0.014 -36"><span class='ocrx_word' id='word_1_172' title='bbox 288 3265 415 3391; x_wconf 80' lang='lat' dir='ltr'><strong>alios</strong></span> <span class='ocrx_word' id='word_1_173' title='bbox 457 3260 803 3378; x_wconf 80' lang='lat' dir='ltr'><strong>detrectabant</strong></span> <span class='ocrx_word' id='word_1_174' title='bbox 835 3259 968 3353; x_wconf 71' lang='lat' dir='ltr'><strong>«alios</strong></span> <span class='ocrx_word' id='word_1_175' title='bbox 1012 3259 1291 3382; x_wconf 86' lang='lat' dir='ltr'><strong>captabant.</strong></span> <span class='ocrx_word' id='word_1_176' title='bbox 1345 3278 1650 3397; x_wconf 79' lang='lat' dir='ltr'><strong>quapropter</strong></span> <span class='ocrx_word' id='word_1_177' title='bbox 1684 3264 1811 3358; x_wconf 80' lang='lat' dir='ltr'><strong>indi.</strong></span> 
     </span>
     <span class='ocr_line' id='line_1_25' title="bbox 285 3373 1811 3510; baseline -0.001 -32"><span class='ocrx_word' id='word_1_178' title='bbox 285 3397 464 3510; x_wconf 85' lang='lat' dir='ltr'><strong>gnatus</strong></span> <span class='ocrx_word' id='word_1_179' title='bbox 507 3377 609 3472; x_wconf 89' lang='lat' dir='ltr'><strong>dux</strong></span> <span class='ocrx_word' id='word_1_180' title='bbox 656 3378 873 3485; x_wconf 79' lang='lat' dir='ltr'><strong>albertus</strong></span> <span class='ocrx_word' id='word_1_181' title='bbox 916 3373 1168 3473; x_wconf 86' lang='lat' dir='ltr'><strong>infremuit</strong></span> <span class='ocrx_word' id='word_1_182' title='bbox 1211 3406 1531 3472; x_wconf 76' lang='lat' dir='ltr'><strong>exactionem</strong></span> <span class='ocrx_word' id='word_1_183' title='bbox 1561 3377 1627 3473; x_wconf 90' lang='lat' dir='ltr'><strong>de</strong></span> <span class='ocrx_word' id='word_1_184' title='bbox 1663 3379 1811 3476; x_wconf 87' lang='lat' dir='ltr'><strong>bonis</strong></span> 
     </span>
     <span class='ocr_line' id='line_1_26' title="bbox 288 3489 1809 3621; baseline -0.003 -25"><span class='ocrx_word' id='word_1_185' title='bbox 288 3501 508 3597; x_wconf 92' lang='lat' dir='ltr'><strong>omnium</strong></span> <span class='ocrx_word' id='word_1_186' title='bbox 539 3496 890 3621; x_wconf 86' lang='lat' dir='ltr'><strong>religiosorum.</strong></span> <span class='ocrx_word' id='word_1_187' title='bbox 932 3493 1097 3616; x_wconf 87' lang='lat' dir='ltr'><strong>exegit</strong></span> <span class='ocrx_word' id='word_1_188' title='bbox 1128 3489 1191 3586; x_wconf 92' lang='lat' dir='ltr'><strong>de</strong></span> <span class='ocrx_word' id='word_1_189' title='bbox 1224 3489 1446 3617; x_wconf 81' lang='lat' dir='ltr'><strong>quolibet</strong></span> <span class='ocrx_word' id='word_1_190' title='bbox 1476 3495 1626 3590; x_wconf 92' lang='lat' dir='ltr'><strong>laneo</strong></span> <span class='ocrx_word' id='word_1_191' title='bbox 1657 3529 1809 3592; x_wconf 90' lang='lat' dir='ltr'><strong>vnum</strong></span> 
     </span>
    </p>

    <p class='ocr_par' dir='ltr' id='par_1_7' title="bbox 38 3608 1808 3736">
     <span class='ocr_line' id='line_1_27' title="bbox 38 3608 1808 3736; baseline -0.002 -24"><span class='ocrx_word' id='word_1_192' title='bbox 38 3727 40 3734; x_wconf 35' lang='grc'>,</span> <span class='ocrx_word' id='word_1_193' title='bbox 284 3619 501 3712; x_wconf 82' lang='lat' dir='ltr'><strong>aureum.</strong></span> <span class='ocrx_word' id='word_1_194' title='bbox 546 3613 609 3708; x_wconf 92' lang='lat' dir='ltr'><strong>de</strong></span> <span class='ocrx_word' id='word_1_195' title='bbox 641 3643 755 3708; x_wconf 90' lang='lat' dir='ltr'><strong>area</strong></span> <span class='ocrx_word' id='word_1_196' title='bbox 789 3610 1005 3708; x_wconf 91' lang='lat' dir='ltr'><strong>medium</strong></span> <span class='ocrx_word' id='word_1_197' title='bbox 1037 3621 1088 3703; x_wconf 90' lang='lat' dir='ltr'><strong>et</strong></span> <span class='ocrx_word' id='word_1_198' title='bbox 1112 3608 1430 3736; x_wconf 86' lang='lat' dir='ltr'><strong>stipendiarijs</strong></span> <span class='ocrx_word' id='word_1_199' title='bbox 1453 3611 1713 3707; x_wconf 85' lang='lat' dir='ltr'><strong>conductis</strong></span> <span class='ocrx_word' id='word_1_200' title='bbox 1742 3611 1808 3709; x_wconf 91' lang='lat' dir='ltr'><strong>de</strong></span> 
     </span>
    </p>

    <p class='ocr_par' dir='ltr' id='par_1_8' title="bbox 161 3725 1807 3856">
     <span class='ocr_line' id='line_1_28' title="bbox 161 3725 1807 3856; baseline -0.002 -25"><span class='ocrx_word' id='word_1_201' title='bbox 161 3787 185 3812; x_wconf 86' lang='lat'><strong>·-</strong></span> <span class='ocrx_word' id='word_1_202' title='bbox 283 3733 516 3831; x_wconf 91' lang='lat' dir='ltr'><strong>omnibus</strong></span> <span class='ocrx_word' id='word_1_203' title='bbox 557 3732 778 3856; x_wconf 87' lang='lat' dir='ltr'><strong>partibus</strong></span> <span class='ocrx_word' id='word_1_204' title='bbox 820 3725 991 3824; x_wconf 90' lang='lat' dir='ltr'><strong>mundi</strong></span> <span class='ocrx_word' id='word_1_205' title='bbox 1035 3727 1254 3824; x_wconf 87' lang='lat' dir='ltr'><strong>ascendit</strong></span> <span class='ocrx_word' id='word_1_206' title='bbox 1299 3725 1496 3853; x_wconf 81' lang='lat' dir='ltr'><strong>stipatus</strong></span> <span class='ocrx_word' id='word_1_207' title='bbox 1534 3728 1586 3824; x_wconf 89' lang='lat' dir='ltr'><strong>C.</strong></span> <span class='ocrx_word' id='word_1_208' title='bbox 1611 3730 1807 3827; x_wconf 89' lang='lat' dir='ltr'><strong>milibus</strong></span> 
     </span>
    </p>

    <p class='ocr_par' dir='ltr' id='par_1_9' title="bbox 134 3845 1947 3972">
     <span class='ocr_line' id='line_1_29' title="bbox 134 3845 1947 3972; baseline -0.005 -22"><span class='ocrx_word' id='word_1_209' title='bbox 134 3965 136 3972; x_wconf 65' lang='lat'><em>,</em></span> <span class='ocrx_word' id='word_1_210' title='bbox 285 3853 544 3952; x_wconf 83' lang='lat' dir='ltr'><strong>hominum</strong></span> <span class='ocrx_word' id='word_1_211' title='bbox 565 3847 989 3947; x_wconf 72' lang='lat' dir='ltr'><strong>multitudinem&lt;</strong></span> <span class='ocrx_word' id='word_1_212' title='bbox 1050 3846 1192 3941; x_wconf 92' lang='lat' dir='ltr'><strong>uibus</strong></span> <span class='ocrx_word' id='word_1_213' title='bbox 1215 3846 1413 3971; x_wconf 91' lang='lat' dir='ltr'><strong>plurimi</strong></span> <span class='ocrx_word' id='word_1_214' title='bbox 1433 3845 1807 3944; x_wconf 89' lang='lat' dir='ltr'><strong>succubuerunt.</strong></span> <span class='ocrx_word' id='word_1_215' title='bbox 1903 3858 1947 3920; x_wconf 40' lang='grc' dir='ltr'><strong>ι’</strong></span> 
     </span>
    </p>

    <p class='ocr_par' dir='ltr' id='par_1_10' title="bbox 155 3877 2213 4452">
     <span class='ocr_line' id='line_1_30' title="bbox 155 3877 1808 4077; baseline -0.005 -9"><span class='ocrx_word' id='word_1_216' title='bbox 155 3981 161 3990; x_wconf 71' lang='grc'><strong>“</strong></span> <span class='ocrx_word' id='word_1_217' title='bbox 268 3968 729 4068; x_wconf 84' lang='lat' dir='ltr'><strong>·1nterealohanna</strong></span> <span class='ocrx_word' id='word_1_218' title='bbox 761 3997 885 4064; x_wconf 90' lang='lat' dir='ltr'><strong>vxor</strong></span> <span class='ocrx_word' id='word_1_219' title='bbox 910 3877 1124 4060; x_wconf 78' lang='lat' dir='ltr'><strong>eiusdem</strong></span> <span class='ocrx_word' id='word_1_220' title='bbox 1148 3961 1288 4077; x_wconf 91' lang='lat' dir='ltr'><strong>ducis</strong></span> <span class='ocrx_word' id='word_1_221' title='bbox 1310 3963 1489 4061; x_wconf 88' lang='lat' dir='ltr'><strong>alberti</strong></span> <span class='ocrx_word' id='word_1_222' title='bbox 1509 3963 1808 4061; x_wconf 84' lang='lat' dir='ltr'><strong>acerbissima</strong></span> 
     </span>
     <span class='ocr_line' id='line_1_31' title="bbox 257 4072 2213 4213; baseline -0.004 -29"><span class='ocrx_word' id='word_1_223' title='bbox 257 4103 445 4185; x_wconf 84' lang='lat' dir='ltr'><strong>&#39;morte</strong></span> <span class='ocrx_word' id='word_1_224' title='bbox 478 4100 720 4213; x_wconf 80' lang='lat' dir='ltr'><strong>prouentu</strong></span> <span class='ocrx_word' id='word_1_225' title='bbox 757 4083 834 4180; x_wconf 87' lang='lat' dir='ltr'><strong>eil.</strong></span> <span class='ocrx_word' id='word_1_226' title='bbox 877 4072 939 4178; x_wconf 87' lang='lat' dir='ltr'><strong>ad</strong></span> <span class='ocrx_word' id='word_1_227' title='bbox 975 4086 1115 4193; x_wconf 84' lang='lat' dir='ltr'><strong>cuius·</strong></span> <span class='ocrx_word' id='word_1_228' title='bbox 1141 4082 1429 4208; x_wconf 85' lang='lat' dir='ltr'><strong>obsequium</strong></span> <span class='ocrx_word' id='word_1_229' title='bbox 1464 4083 1566 4178; x_wconf 88' lang='lat' dir='ltr'><strong>dux</strong></span> <span class='ocrx_word' id='word_1_230' title='bbox 1586 4081 1804 4178; x_wconf 87' lang='lat' dir='ltr'><strong>albertus</strong></span> <span class='ocrx_word' id='word_1_231' title='bbox 1957 4175 1963 4185; x_wconf 86' lang='grc'>,</span> <span class='ocrx_word' id='word_1_232' title='bbox 2210 4177 2213 4184; x_wconf 82' lang='grc'><strong>,</strong></span> 
     </span>
     <span class='ocr_line' id='line_1_32' title="bbox 286 4199 2119 4330; baseline -0.002 -29"><span class='ocrx_word' id='word_1_233' title='bbox 286 4207 465 4303; x_wconf 84' lang='lat' dir='ltr'><strong>dolens</strong></span> <span class='ocrx_word' id='word_1_234' title='bbox 496 4217 753 4330; x_wconf 88' lang='lat' dir='ltr'><strong>properat.</strong></span> <span class='ocrx_word' id='word_1_235' title='bbox 796 4203 935 4298; x_wconf 84' lang='lat' dir='ltr'><strong>etin</strong></span> <span class='ocrx_word' id='word_1_236' title='bbox 973 4199 1191 4296; x_wconf 87' lang='lat' dir='ltr'><strong>Gemnik</strong></span> <span class='ocrx_word' id='word_1_237' title='bbox 1231 4203 1545 4327; x_wconf 88' lang='lat' dir='ltr'><strong>presentibus</strong></span> <span class='ocrx_word' id='word_1_238' title='bbox 1579 4200 1802 4328; x_wconf 86' lang='lat' dir='ltr'><strong>pluribus</strong></span> <span class='ocrx_word' id='word_1_239' title='bbox 1951 4272 1954 4277; x_wconf 75' lang='lat'><em>,</em></span> <span class='ocrx_word' id='word_1_240' title='bbox 2114 4268 2119 4278; x_wconf 88' lang='lat'><em>-</em></span> 
     </span>
     <span class='ocr_line' id='line_1_33' title="bbox 287 4321 1950 4452; baseline -0.004 -34"><span class='ocrx_word' id='word_1_241' title='bbox 287 4324 490 4452; x_wconf 88' lang='lat' dir='ltr'><strong>prelatis</strong></span> <span class='ocrx_word' id='word_1_242' title='bbox 524 4321 589 4418; x_wconf 80' lang='lat' dir='ltr'><strong>est</strong></span> <span class='ocrx_word' id='word_1_243' title='bbox 619 4322 667 4416; x_wconf 88' lang='lat' dir='ltr'><strong>se</strong></span> <span class='ocrx_word' id='word_1_244' title='bbox 706 4321 820 4416; x_wconf 87' lang='lat' dir='ltr'><strong>ulta.</strong></span> <span class='ocrx_word' id='word_1_245' title='bbox 866 4371 871 4380; x_wconf 87' lang='lat'><strong>·</strong></span> <span class='ocrx_word' id='word_1_246' title='bbox 1219 4400 1224 4419; x_wconf 84' lang='lat'><strong>.</strong></span> <span class='ocrx_word' id='word_1_247' title='bbox 1369 4354 1374 4363; x_wconf 75' lang='grc'><em>’</em></span> <span class='ocrx_word' id='word_1_248' title='bbox 1734 4378 1737 4390; x_wconf 91' lang='lat'><em>·</em></span> <span class='ocrx_word' id='word_1_249' title='bbox 1941 4346 1950 4374; x_wconf 66' lang='lat'>⁸</span> 
     </span>
    </p>

    <p class='ocr_par' dir='ltr' id='par_1_11' title="bbox 466 4435 1434 4558">
     <span class='ocr_line' id='line_1_34' title="bbox 466 4435 1434 4558; baseline -0.007 -21"><span class='ocrx_word' id='word_1_250' title='bbox 466 4445 612 4537; x_wconf 85' lang='lat' dir='ltr'><strong>Rubr.</strong></span> <span class='ocrx_word' id='word_1_251' title='bbox 693 4468 796 4534; x_wconf 90' lang='lat' dir='ltr'><strong>nno</strong></span> <span class='ocrx_word' id='word_1_252' title='bbox 819 4435 1008 4532; x_wconf 92' lang='lat' dir='ltr'><strong>domini</strong></span> <span class='ocrx_word' id='word_1_253' title='bbox 1031 4435 1358 4558; x_wconf 84' lang='lat' dir='ltr'><strong>M⁰.ccc⁰.liij⁰.</strong></span> <span class='ocrx_word' id='word_1_254' title='bbox 1428 4486 1434 4496; x_wconf 85' lang='lat'><em>·</em></span> 
     </span>
    </p>

    <p class='ocr_par' dir='ltr' id='par_1_12' title="bbox 403 4552 1799 4680">
     <span class='ocr_line' id='line_1_35' title="bbox 403 4552 1799 4680; baseline 0.001 -27"><span class='ocrx_word' id='word_1_255' title='bbox 403 4557 617 4654; x_wconf 89' lang='lat' dir='ltr'><strong>Karolus</strong></span> <span class='ocrx_word' id='word_1_256' title='bbox 654 4555 766 4652; x_wconf 87' lang='lat' dir='ltr'><strong>Rex</strong></span> <span class='ocrx_word' id='word_1_257' title='bbox 796 4553 1038 4658; x_wconf 90' lang='lat' dir='ltr'><strong>Bohemie</strong></span> <span class='ocrx_word' id='word_1_258' title='bbox 1070 4558 1155 4680; x_wconf 90' lang='lat' dir='ltr'><strong>qui</strong></span> <span class='ocrx_word' id='word_1_259' title='bbox 1187 4556 1234 4649; x_wconf 93' lang='lat' dir='ltr'><strong>se</strong></span> <span class='ocrx_word' id='word_1_260' title='bbox 1267 4585 1359 4680; x_wconf 89' lang='lat' dir='ltr'><strong>pro</strong></span> <span class='ocrx_word' id='word_1_261' title='bbox 1391 4552 1553 4650; x_wconf 89' lang='lat' dir='ltr'><strong>cesare</strong></span> <span class='ocrx_word' id='word_1_262' title='bbox 1616 4553 1799 4654; x_wconf 84' lang='lat' dir='ltr'><strong>erebat.</strong></span> 
     </span>
    </p>

    <p class='ocr_par' dir='ltr' id='par_1_13' title="bbox 283 4671 1799 4804">
     <span class='ocr_line' id='line_1_36' title="bbox 283 4671 1799 4804; baseline -0.005 -28"><span class='ocrx_word' id='word_1_263' title='bbox 283 4710 349 4776; x_wconf 85' lang='lat' dir='ltr'><strong>eo</strong></span> <span class='ocrx_word' id='word_1_264' title='bbox 383 4673 519 4804; x_wconf 92' lang='lat' dir='ltr'><strong>quod</strong></span> <span class='ocrx_word' id='word_1_265' title='bbox 555 4671 1097 4798; x_wconf 81' lang='lat' dir='ltr'><strong>clenodia&#39;lmperialia</strong></span> <span class='ocrx_word' id='word_1_266' title='bbox 1131 4671 1348 4768; x_wconf 86' lang='lat' dir='ltr'><strong>tenebat.</strong></span> <span class='ocrx_word' id='word_1_267' title='bbox 1380 4690 1431 4768; x_wconf 90' lang='lat' dir='ltr'><strong>et</strong></span> <span class='ocrx_word' id='word_1_268' title='bbox 1454 4672 1566 4768; x_wconf 87' lang='lat' dir='ltr'><strong>Rex</strong></span> <span class='ocrx_word' id='word_1_269' title='bbox 1632 4704 1663 4766; x_wconf 92' lang='lat' dir='ltr'><strong>n</strong></span> <span class='ocrx_word' id='word_1_270' title='bbox 1699 4677 1799 4768; x_wconf 87' lang='lat' dir='ltr'><strong>arie</strong></span> 
     </span>
    </p>
   </div>
   <div class='ocr_carea' id='block_1_4' title="bbox 120 4705 1799 5034">
    <p class='ocr_par' dir='ltr' id='par_1_14' title="bbox 120 4705 1826 5034">
     <span class='ocr_line' id='line_1_37' title="bbox 120 4705 1799 5034; baseline -0.008 -137"><span class='ocrx_word' id='word_1_271' title='bbox 120 4827 125 4836; x_wconf 87' lang='lat'>·</span> <span class='ocrx_word' id='word_1_272' title='bbox 174 4859 176 4864; x_wconf 65' lang='lat'>,</span> <span class='ocrx_word' id='word_1_273' title='bbox 282 4814 337 4896; x_wconf 82' lang='lat' dir='ltr'><strong>et</strong></span> <span class='ocrx_word' id='word_1_274' title='bbox 366 4793 589 4892; x_wconf 88' lang='lat' dir='ltr'><strong>marchio</strong></span> <span class='ocrx_word' id='word_1_275' title='bbox 623 4790 687 4893; x_wconf 84' lang='lat' dir='ltr'><strong>de</strong></span> <span class='ocrx_word' id='word_1_276' title='bbox 722 4789 1025 4891; x_wconf 87' lang='lat' dir='ltr'><strong>Branburch·</strong></span> <span class='ocrx_word' id='word_1_277' title='bbox 1044 4805 1108 5003; x_wconf 51' lang='lat' dir='ltr'><strong>eg</strong></span> <span class='ocrx_word' id='word_1_278' title='bbox 1122 4791 1215 5034; x_wconf 55' lang='lat' dir='ltr'><strong>phgr</strong></span> <span class='ocrx_word' id='word_1_279' title='bbox 1230 4787 1449 4889; x_wconf 89' lang='lat' dir='ltr'><strong>Comites</strong></span> <span class='ocrx_word' id='word_1_280' title='bbox 1484 4807 1536 4890; x_wconf 87' lang='lat' dir='ltr'><strong>et</strong></span> <span class='ocrx_word' id='word_1_281' title='bbox 1565 4705 1799 5004; x_wconf 55' lang='lat' dir='ltr'><strong>Epiiffipi</strong></span> 
     </span>
    </p>
   </div>
   <div class='ocr_carea' id='block_1_5' title="bbox 0 0 2364 6050">
    <p class='ocr_par' dir='ltr' id='par_1_15' title="bbox 0 0 2364 6050">
     <span class='ocr_line' id='line_1_38' title="bbox 0 0 2364 6050; baseline 0 5"><span class='ocrx_word' id='word_1_282' title='bbox 0 0 2364 6050; x_wconf 95' lang='lat' dir='ltr'><strong> </strong></span> 
     </span>
    </p>
   </div>
  </div>
 </body>
</html>
