4717 6050
757 455 1368 587 :zwernrusn
1516 422 1521 427 ’
1682 511 1761 591 μ,

294 689 502 817 galeatis
527 702 698 787 contra
719 688 1033 785 zur-centum
1050 690 1305 787 ciuitatem
1324 716 1417 817 per
1435 702 1592 800 totam
1615 688 1818 804 estatem·

294 810 464 903 onmia
496 808 719 935 pomeria
754 820 805 903 et
836 809 1009 905 vineta
1041 807 1297 905 vastantes.
1334 822 1387 903 et
1420 809 1671 909 ciuitatem
1704 840 1814 911 non
1934 882 1939 892 .

291 926 522 1022 videntes
553 952 838 1051 expugnare
872 954 977 1019 non
1013 925 1278 1039 valentes„
1307 920 1413 1019 dux
1446 922 1663 1021 albertus
1698 958 1814 1024 cum
1868 1007 1871 1014 .

287 1042 729 1252 prinmgenitosuo
742 1040 982 1138 Rudolfo.
1002 1041 1469 1139 circaNatiuitatem
1489 1036 1678 1158 domini
1702 1072 1810 1148 ver·

292 1196 368 1259 us
400 1164 449 1259 h
470 1190 669 1265 sennam
700 1157 874 1254 tendit.
916 1174 1159 1285 quatenus
1183 1162 1385 1255 terciam
1407 1159 1729 1257 exaccioncm
1743 1159 1818 1255 ab·

287 1282 428 1375 omni
456 1276 623 1373 Clean.
662 1292 714 1371 et
735 1276 975 1403 Regione,
998 1277 1117 1372 inde
1142 1277 1377 1405 colligere
1400 1276 1557 1417 possit
1589 1276 1714 1371 Item
1735 1306 1813 1373 re·

286 1391 585 1491 ascensurus.
647 1394 842 1489 Interea
864 1394 1077 1490 Karolus
1091 1392 1455 1513 RexBohemre
1473 1392 1685 1489 Romam
1700 1425 1813 1491 cum

285 1542 447 1609 vxore
465 1512 547 1607 sua
572 1510 698 1637 quasr
720 1510 901 1607 furtiue
923 1542 1016 1636 pro
1044 1514 1378 1609 'coronacione
1401 1526 1453 1608 et
1475 1510 1812 1607 confirmacio·
1904 1596 1911 1610 .

286 1661 355 1725 ne
381 1628 575 1754 Imperij
600 1629 820 1725 veniens.
853 1658 948 1755 que
972 1626 1098 1725 sicud
1121 1629 1294 1726 dicunt
1315 1626 1539 1754 quidam,
1569 1658 1662 1754 per
1683 1625 1812 1724 duos

290 1743 581 1851 Cardinales
603 1772 631 1839 a
652 1776 783 1871 papa
808 1776 903 1861 con
939 1746 1264 1847 letamfuisle.
1352 1744 1547 1843 Eodem
1571 1776 1704 1846 mne
1724 1747 1810 1841 ha·

289 1862 579 1961 bundancia'
602 1864 698 1961 viri
744 1879 796 1958 ct
830 1778 938 1962 vad)

290 1980 483 2079 cendio‘
507 1980 796 2079 deuastatur.

471 2102 610 2195 Rubr.
652 2099 804 2192 Anno
828 2094 1017 2191 domini
1037 2093 1328 2192 M⁶.ccc.lv⁰.

411 2215 554 2329 Obijt
582 2212 767 2317 Comes
798 2210 862 2307 de
898 2213 1223 2338 phannberch
1257 2210 1581 2307 marschalcus
1626 2209 1811 2309 austrie.

279 2334 416 2447 {Item
440 2328 545 2426 duur
565 2330 783 2428 albertus
811 2328 994 2426 Iterum
1026 2330 1176 2457 exigit
1209 2332 1471 2457 pecuniam
1503 2363 1535 2425 a
1552 2328 1810 2472 Religiosrs
1870 2344 1883 2455 j

914 1894 954 1960 a·
975 1896 1135 1991 pauca
1232 1864 1432 1963 Domus
1461 1863 1708 1989 hospitum
1736 1866 1810 1959 in·
1969 2011 1979 2019 ἣ

295 2446 734 2555 CCCCG.·talcnta
762 2448 965 2544 mittens
999 2448 1231 2547 miliciam
1261 2462 1497 2545 armatam
1528 2463 1682 2544 tercia
1702 2480 1811 2545 vrce
1954 2534 1957 2538 ,

291 2570 461 2667 versus
495 2564 774 2673 Zurhenscs
810 2564 1134 2703 quibusdum
1167 2564 1399 2661 victualia
1433 2560 1613 2660 adduci
1644 2564 1812 2690 prohi-

126 2746 129 2751 ,
290 2684 438 2781 betur
467 2698 680 2808 trewgas
710 2678 788 2776 Re
870 2680 1113 2777 Bohemie
1145 2678 1392 2775 dederunt
1469 2682 1518 2776 ui
1554 2711 1642 2777 eos
1676 2684 1810 2808 prin·

289 2803 389 2926 cipi
417 2797 617 2895 alberto
653 2800 792 2904 conc‘
815 2799 936 2934 iauit
963 2798 1033 2891 ita
1056 2795 1313 2893 duntaxat·
1331 2711 1468 2922 quod
1490 2800 1543 2893 in
1566 2799 1814 2927 reliquum

289 2920 375 3047 ipsi
406 2946 518 3058 cum
543 2914 779 3030 ,omnibus
807 2916 916 3011 suis.
949 2912 1348 3049 eidcm'principi
1369 2914 1650 3013 subdantur.
1681 2916 1816 3047 quat

284 3068 588 3295 propfpdstea
611 3091 972 3266 durrallbertus
997 3147 1216 3247 ascendit
1232 3139 1499 3287 'monacum
1524 3092 1810 3250 inbauaria

289 3272 376 3370 vbr
397 3271 591 3398 Regem
612 3267 951 3367 Bohemorum
985 3297 1095 3360 cum
1116 3265 1417 3362 Marchmne
1443 3265 1507 3362 de
1529 3269 1812 3365 branburch

290 3405 356 3494 et¹
378 3387 545 3494 multis
578 3383 829 3490 nobilibus
864 3381 1249 3506 comparentibus
1283 3386 1579 3510 complanat
1617 3385 1809 3482 habens

288 3509 451 3604 secum
479 3504 672 3628 Regem
689 3501 919 3627 Vngarie.
998 3499 1049 3593 ui
1084 3499 1274 3626 semper
1306 3501 1589 3598 latericius
1623 3499 1809 3601 adhesit

288 3617 835 3838 negligitis-utilitatibus
858 3616 928 3766 ibi
950 3532 1186 3744 dspohtis
1209 3616 1711 3750 adpropriaquisque
1731 3650 1807 3716 re·

446 3769 515 3834 ur.
666 3793 673 3806 ·
986 3799 992 3814 ι
1035 3821 1039 3833 .
1782 3821 1787 3830 .

283 3773 340 3872 gr
367 3852 602 3966 ,Eodem
647 3883 780 3950 anno
828 3847 997 3970 indie
1034 3851 1271 3976 dominici
1306 3851 1630 3971 confessoris,
1669 3851 1810 3978 Obijt

286 3975 473 4076 nobilis
507 3974 586 4080 vir
616 3963 900 4067 lewtoldus'
917 3967 982 4068 de
1010 3950 1251 4097 chunring
1277 3969 1341 4066 de
1365 3969 1610 4070 Timilalo
1638 3969 1807 4070 adole·
1919 4083 1943 4106 Ν

281 4096 420 4204 scens
445 4091 542 4188 [ine
568 4088 850 4186 heredibus.
897 4155 902 4178 .
967 4158 971 4168 .
1048 4125 1052 4128 ·
1095 4160 1101 4173 ,

369 4302 373 4314 .
467 4207 608 4305 Rnbr.
651 4208 802 4302 Anno
825 4220 919 4300 etc.
936 4205 1245 4328 M⁰.ccc⁰.lv‘p

337 4415 344 4426 ,
388 4324 547 4442 obijt
570 4321 801 4436 dominus
821 4308 1135 4420 Wilhelmus.
1157 4322 1221 4418 de
1242 4322 1466 4426 lantstain
1491 4321 1806 4421 circaseslum
1863 4385 1874 4402 ,
1986 4439 1992 4449 g

284 4443 436 4541 sancti
473 4442 642 4566 Georij
683 4427 777 4566 quif
800 4439 890 4536 illo
912 4470 1061 4562 apno.
1078 4440 1130 4534 in
1152 4440 1320 4578 vigilia
1341 4441 1526 4538 Pascha
1548 4445 1728 4540 euenit
1751 4441 1803 4538 fi·

287 4559 417 4657 delis
441 4560 624 4664 amicus
646 4558 791 4656 huius
814 4560 1221 4684 congregacionis
1289 4573 1397 4654 orta
1428 4557 1493 4653 eli
1524 4558 1698 4657 seditio
1730 4563 1803 4655 in·
1902 4586 1906 4592 ·
1991 4674 1997 4691 x

282 4695 360 4784 ter
380 4677 573 4804 Regem
592 4672 825 4772 bohemie
858 4691 909 4771 et
944 4667 1057 4770 suos
1086 4674 1313 4769 Barones
1344 4674 1526 4772 scilicet
1557 4675 1620 4773 de
1652 4677 1802 4774 Noua

125 4801 128 4806 ’
281 4795 435 4992 domo
458 4807 744 4995 apponente
771 4790 854 4900 sbi
877 4789 1082 4898 domino
1106 4791 1168 4890 de
1182 4789 1503 4892 Roscnberch
1526 4793 1798 5037 pregghhfe'
