4717 6050
603 505 678 601 198
931 500 934 510 ·
1022 433 1645 629 'msarrorramrm
1798 592 1804 605 ,
1932 401 1943 442 ²

551 702 557 765 ·'
668 696 793 792 Item
815 692 868 789 in
893 688 1008 789 albo
1085 693 1260 789 amine.
1285 694 1351 789 iii
1372 692 1550 790 scaffia

583 930 584 935 .
672 816 797 909 Item
820 812 873 906 in
892 809 1050 907 Paure
1124 843 1165 908 e.
1196 813 1260 906 iii.
1281 810 1451 906 scaffia.
1616 903 1641 918 ,,

667 932 794 1027 Item
814 932 867 1025 in
886 927 1155 1028 Swertzen.
1178 930 1280 1028 viii
1303 926 1509 1023 Modios
1530 924 1713 1031 weisot.

669 1052 796 1145 Item
821 1049 948 1142 circa
972 1045 1328 1172 praitenvelde.
1351 1078 1397 1143 v.
1417 1044 1589 1141 icaffia.

495 1210 498 1227 ·
670 1167 796 1276 Item
818 1166 959 1291 super
981 1163 1215 1259 Geurich.
1227 1196 1273 1259 v.
1298 1179 1349 1260 et
1362 1159 1615 1257 dimidiam
1628 1192 1832 1288 paruam
1842 1181 2062 1268 muttam.

672 1286 798 1381 Item
828 1285 970 1408 super
1005 1280 1332 1378 Grauenreut.
1372 1282 1439 1394 iii
1468 1310 1646 1406 paruas
1677 1298 1870 1382 muttas.
1904 1302 1967 1385 et
1998 1292 2063 1387 vi.

556 1402 690 1502 hube
713 1413 902 1495 vacant.
948 1503 954 1523 Ι
1013 1466 1017 1473 ·
1832 1505 1839 1519 ι

675 1518 798 1615 Item
822 1519 874 1613 in
895 1515 1219 1647 Steynperge.
1230 1549 1274 1612 v.
1298 1530 1349 1613 et
1368 1511 1620 1631 dimidiam
1636 1546 1841 1642 paruam
1853 1534 2072 1625 murtam.
2244 1518 2251 1527 '

318 1739 324 1764 ,
454 1726 456 1731 1
559 1656 611 1739 et
632 1638 866 1763 Quinque
886 1636 1017 1731 hube
1040 1650 1232 1735 vacant.

675 1758 802 1853 Item
822 1755 874 1847 in
896 1754 1189 1848 Havenaern.
1209 1754 1258 1847 ii
1281 1767 1332 1847 et
1350 1746 1603 1844 dimidiam
1626 1782 1829 1876 paruam
1850 1768 2068 1860 muttam.

674 1874 802 1969 Item
825 1872 968 1999 super
988 1868 1229 1969 wimsche.
1251 1871 1314 1964 vi.
1340 1881 1573 1964 metretas
1593 1870 1779 1965 weisot

675 1990 802 2086 Item
826 1988 969 2115 super
987 1986 1164 2081 Haide.
1187 1988 1287 2080 viii
1303 1999 1542 2080 metretas
1565 1985 1752 2082 weisot.
1919 2037 1923 2044 ·

583 2110 588 2119 ’
676 2109 801 2203 Item
824 2106 966 2231 super
985 2102 1362 2231 Gotteysperge.
1384 2104 1448 2199 vi.
1468 2116 1702 2226 metretas
1726 2106 1909 2201 weisot.

520 2272 522 2277 ·
676 2226 802 2320 Item
824 2222 968 2349 super
985 2219 1193 2317 Herhof.
1210 2238 1362 2317 vn‘am
1381 2249 1584 2346 paruam
1603 2233 1820 2315 muttam.

675 2339 804 2438 Item
826 2342 967 2467 super
985 2338 1379 2467 Pichpergleyn.
1400 2368 1548 2432 vnam
1568 2366 1771 2461 paruam
1791 2354 2013 2437 muttam.

679 2461 807 2555 Item
828 2458 970 2585 super
992 2454 1352 2664 Grillenper‘ge‘.
1381 2457 1411 2548 i.
1431 2453 1653 2549 scaffium.
1831 2520 1847 2557 -.
1935 2556 1939 2561 ,
2056 2495 2062 2505 ·

679 2578 809 2673 Item
831 2574 964 2699 apud
986 2574 1238 2668 Ortlirrum
1284 2602 1407 2695 uper
1427 2570 1544 2667 Hoi.
1577 2574 1607 2667 i.
1629 2600 1834 2697 paruam
1852 2588 2072 2685 muttam.

681 2693 809 2786 Item
833 2693 884 2785 in
904 2688 1155 2785 Schirnav.
1185 2691 1234 2786 ii.
1254 2718 1433 2827 paruas
1455 2703 1649 2817 muttas.

681 2806 809 2905 Item
826 2809 878 2903 in
896 2805 1185 2933 Haielpach.
1217 2807 1479 2944 iiaparuas
1500 2821 1694 2903 muttas.
2216 2890 2221 2906 .

683 2924 810 3050 Item
830 2928 882 3021 in
903 2924 1187 3028 Durrental.
1210 2940 1262 3020 et
1280 2953 1410 3018 cirea
1427 2951 1600 3050 prope.
1614 2926 1677 3020 ix.
1691 2942 2073 3050 paruasmuttas.

682 3047 810 3140 Item
837 3043 979 3168 Iuper
999 3039 1199 3172 Schayt.
1227 3044 1324 3140 xvi.
1348 3056 1527 3138 muttas
1553 3044 1740 3139 weisot.
1818 3048 1825 3060 '
1938 3102 1942 3109 ·

481 3211 507 3228 v·
682 3162 810 3257 Item
835 3157 968 3284 apud
989 3160 1145 3253 rinne.
1174 3161 1277 3260 viii.
1299 3173 1533 3256 metretas
1555 3161 1742 3257 weisot.

679 3281 810 3378 Item
833 3278 896 3372 de
922 3274 1144 3403 Weydei
1157 3290 1208 3370 et
1230 3276 1293 3372 de
1317 3275 1663 3379 Hermanstorf.
1693 3277 1760 3371 vi.
1774 3277 1947 3378 l'caffia.

683 3391 810 3490 Item
834 3391 951 3488 alibi
973 3425 1000 3487 a
1038 3392 1105 3487 ud
1120 3391 1300 3489 Rinne.
1322 3395 1382 3489 vi.
1399 3410 1632 3499 metretas
1651 3393 1836 3490 weisot.

609 3577 615 3594 ,
685 3513 812 3607 Item
833 3511 973 3638 super
996 3425 1176 3608 iiubam
1200 3509 1246 3608 R
1286 3511 1432 3608 cheri.
1454 3515 1516 3606 vi.
1535 3526 1768 3606 metretas
1788 3515 1975 3613 weisot.

686 3631 811 3726 Item
836 3630 978 3754 super
997 3627 1178 3724 hubam
1249 3627 1448 3722 admari.
1477 3629 1576 3724 viii.
1597 3643 1843 3726 metretas.
2018 3699 2025 3713 ·

535 3773 537 3780 ·
684 3746 812 3842 Item
833 3745 896 3844 de
920 3745 1176 3873 Kegleriis.
1200 3747 1281 3839 xii.
1303 3759 1535 3842 metretas
1553 3749 1737 3841 weiiot.

684 3864 889 3984 Itempin
919 3863 1009 3960 der
1030 3860 1258 3993 Weydes
1284 3863 1427 3990 super
1461 3864 1604 3959 bonis
1633 3864 1846 3960 Duciiie.
1872 3871 2078 3980 xxxviii.

564 3995 803 4088 metretas
826 3983 1012 4076 weisot.
1090 4009 1093 4014 ·
1181 4049 1184 4054 -
1357 4043 1361 4054 ι
1432 4042 1435 4049 .
1568 4043 1589 4060 κ
1764 4039 1767 4043 ›

586 4100 588 4104 ’
686 4097 812 4194 Item
833 4099 885 4194 in
910 4095 1118 4193 Weidei
1134 4100 1262 4194 circa
1281 4095 1460 4196 forum.
1478 4131 1525 4196 x,
1550 4129 1728 4225 paruas
1752 4115 1946 4198 muttas.

461 4287 466 4294 .
685 4215 810 4312 Item
831 4216 885 4310 in
908 4214 1203 4312 Zensehe.i.
1261 4248 1428 4314 aruam
1456 4230 1675 4315 muttam.
1708 4217 1983 4331 et‘ibidem.
2013 4223 2079 4319 ri

416 4323 456 4425 ⁹.
561 4335 705 4431 'trube
735 4335 825 4454 (ita
854 4333 1033 4544 t'orlrrffK
1052 4249 1519 4461 nobiledpoffident
1585 4374 1591 4386 ·
1868 4384 1872 4392 ·

619 4513 623 4520 ·
690 4450 814 4554 Item
831 4452 882 4544 in
905 4451 977 4546 Ze
1037 4477 1111 4545 an.
1139 4481 1184 4542 x.
1207 4466 1263 4548 et
1277 4451 1528 4581 dimidiam
1547 4481 1753 4584 paruam
1775 4467 1996 4552 muttam.
2025 4471 2077 4552 et

188 4519 196 4527 ⁸
353 4536 356 4543 Ι
505 4569 755 4669 ‘ibidem
779 4597 949 4694 prope.
977 4565 1231 4667 iiscaffia.

686 4687 888 4826 Itemin
908 4685 1121 4782 detmirz.
1145 4688 1425 4829 'viiparuas
1445 4702 1641 4787 muttas.
1678 4655 1684 4666 ’
1806 4767 1810 4776 ,

682 4807 808 4904 Item
831 4835 883 4903 m
896 4797 1195 4950 Obemdorf.
1214 4835 1281 4958 rm
1298 4822 1356 4907 et
1376 4807 1631 4910 dimidiam
1641 4834 1846 4935 paruam
1857 4822 2080 5032 nffim
