4717 6050
478 443 480 453 ’
652 431 1082 569 ariscori
1157 418 1496 567 erran
1591 590 1597 597 ,
1689 472 1831 609 ψ’

300 692 388 819 qui
420 706 593 819 quarto
628 694 694 785 lui
725 690 970 784 aduentus
1001 716 1130 781 anno
1163 686 1226 781 ab
1256 689 1597 784 incarnatione
1627 685 1818 787 domini
1971 735 1976 744 ·

29 906 52 939 α
300 814 432 931 xlvij.
464 843 552 935 per
582 810 691 903 luos
724 804 1074 933 praedicatores
1103 806 1489 901 Laureacenlem
1521 807 1692 903 vrbem
1728 793 1818 933 pe‘r

208 1002 211 1009 »
301 925 449 1022 fidem
481 928 786 1021 Catholicam
819 920 1055 1036 visitauit,
1113 926 1179 1016 Et
1219 926 1334 1047 quia
1375 924 1677 1047 Metropolis
1711 938 1819 1020 erat
1939 950 1952 959 ·

337 1046 732 1139 rothollaminum
766 1040 1099 1153 ethnicorum,
1139 1039 1373 1135 conuersa
1407 1039 1471 1134 ad
1514 1038 1689 1154 fidem,
1731 1041 1815 1135 de·

296 1072 482 1256 llructis
515 1160 664 1253 idolis
698 1156 1025 1280 Metropolim
1073 1155 1327 1272 fundauit,
1369 1157 1554 1253 ibidem
1597 1157 1860 1281 Catholi·3

299 1308 496 1391 corum,
527 1280 579 1397 iii
610 1304 707 1401 qua
739 1276 897 1368 clerus
939 1278 990 1365 in
1027 1288 1320 1399 paupertate
1361 1273 1532 1368 Chrilli
1571 1273 1625 1369 vl
1663 1278 1815 1390 moris
1983 1375 1988 1390 ,

124 1470 128 1479 .
297 1411 402 1489 erat
465 1424 523 1489 ¹er
545 1392 786 1495 ducentos
809 1404 860 1484 et
880 1404 981 1484 tres
1006 1420 1163 1485 annos
1183 1389 1236 1483 id
1260 1390 1324 1484 eil
1351 1422 1512 1529 vsque
1530 1392 1593 1485 ad
1621 1407 1815 1515 tempo·

292 1539 349 1606 ra
396 1426 739 1633 Pllilipporum
784 1512 1159 1643 imperatorum,
1270 1508 1321 1601 ui
1366 1510 1511 1632 primi
1558 1539 1620 1602 ex
1659 1511 1812 1719 mle·

294 1629 447 1721 ratori
492 1626 581 1721 bus
627 1623 879 1718 Christiani
934 1622 1079 1737 facti,
1128 1624 1245 1717 hum
1287 1655 1367 1718 em
1415 1623 1666 1719 ecclesiam
1715 1628 1813 1721 ,uis

293 1742 473 1866 opibus
525 1741 829 1853 exaltarunt,
888 1754 940 1834 et
982 1738 1208 1834 fecerunt
1287 1739 1615 1835 ollessionibus
1658 1742 1814 1836 abun·

98 1969 101 1974 Ι
292 1857 440 1973 dare,
511 1858 667 1951 fertur
716 1855 852 1983 quod
904 1857 957 1949 hi
1006 1855 1195 1950 domini
1246 1773 1506 1953 Baunonia
1557 1872 1609 1951 et
1656 1858 1811 1953 Melie

224 2089 229 2099 ¹
289 1989 433 2069 erant
479 2006 542 2067 ex
588 1989 793 2103 vtraque
825 1986 964 2109 parte
1009 1972 1231 2066 Danubii
1271 2003 1363 2097 per
1404 1988 1602 2067 centum
1648 1989 1700 2067 et
1739 1977 1811 2068 vi·

286 2093 411 2217 ginti
454 2092 661 2207 miliaria
698 2087 879 2215 legalia
910 2098 961 2182 et
998 2116 1170 2182 eorum
1213 2086 1432 2182 dominia
1472 2087 1810 2183 extendeban-

286 2223 394 2320 tur,
465 2236 671 2333 quarum
711 2234 858 2299 vnam
897 2219 1089 2328 partem
1128 2236 1159 2298 a
1196 2205 1329 2301 vallo
1361 2205 1533 2301 Silano
1565 2206 1712 2332 vique
1743 2204 1810 2301 ad

285 2322 559 2419 Lemanum
592 2323 793 2415 fluuium
826 2323 997 2457 (quem
1036 2321 1199 2415 lacum
1238 2322 1494 2444 vocamus)
1541 2335 1663 2431 eta
1706 2352 1810 2417 me·

118 2450 125 2473 '
284 2436 408 2533 ridie
445 2470 474 2532 a
508 2441 629 2530 mari
657 2438 913 2532 Adriatico
947 2434 1106 2563 (quod
1137 2452 1188 2532 et
1216 2439 1279 2532 ab
1304 2439 1457 2533 Adria
1479 2440 1679 2533 ciuitate
1701 2441 1806 2534 iux·

285 2570 337 2650 ta
371 2556 607 2651 Venetiae
643 2553 708 2649 est
730 2555 895 2648 verius
920 2550 1197 2765 meridiem?
1220 2586 1375 2681 vsque
1397 2554 1461 2649 ad
1486 2585 1621 2650 mare
1646 2558 1807 2651 Ocea·

282 2702 403 2767 iium
438 2672 603 2765 verius
632 2670 1035 2798 Septentrionem
1068 2686 1153 2765 ten
1192 2672 1319 2766 ebat.
1379 2672 1564 2767 Sancto
1587 2671 1839 2767 Lauren·

155 2830 156 2839 Ν
285 2792 357 2883 ti'o
391 2804 443 2882 et
476 2786 689 2881 eccleliae
726 2786 1047 2881 Laureacenl'i
1078 2785 1387 2883 tradiderunt
1414 2792 1660 2915 perpetuo
1697 2790 1804 2915 pol·
1895 2801 1908 2831 '

281 2902 534 2999 fidendum
566 2900 720 3022 Quod
751 2918 802 2996 et
833 2902 1033 2997 ecclelia
1076 2901 1251 2996 eadem
1301 2907 1461 3028 (inter)
1505 2908 1803 3030 persecutio·

280 3051 371 3117 nes
407 3021 659 3115 Decianas
690 3020 1010 3134 Aurelianae,
1059 3018 1386 3117 Numerianas
1433 3037 1484 3118 et
1522 3021 1805 3118 Dioclecia·

283 3270 488 3349 uentum
524 3252 798 3346 infelicium
833 3245 1095 3365 Hunorum
1176 3280 1234 3345 ac
1267 3250 1450 3348 deinde
1484 3271 1805 3378 parcentum
1911 3257 1920 3323 s

283 3373 349 3468 tri
383 3374 486 3466 inta
515 3385 616 3464 tres
639 3396 799 3462 annos
823 3367 994 3460 misera
1014 3317 1212 3461 ecclelia
1231 3367 1552 3463 laureacensis
1574 3373 1805 3467 cuminis

285 3488 356 3584 Su
381 3489 618 3816 ,ingencia
639 3489 693 3580 iii
709 3486 933 3579 maxima
963 3497 1256 3609 paupertate
1286 3484 1372 3581 lub
1401 3486 1587 3582 tributo
1630 3485 1693 3580 de
1721 3519 1806 3614 ge·

283 3635 406 3701 nere
463 3611 599 3728 forte
632 3601 869 3742 degebat)
900 3599 1256 3739 Barbarorum·⁹
1299 3602 1447 3727 vique
1490 3602 1554 3699 ad
1586 3601 1803 3701 reditum
1873 3602 1893 3674 f
1963 3659 1967 3668 ·

283 3721 432 3819 Theo
471 3723 582 3817 onis
608 3718 747 3814 ducis
777 3719 975 3845 gentilis
1005 3746 1056 3811 in
1080 3715 1355 3834 Boianam,
1385 3719 1470 3814 sub
1499 3751 1601 3846 quo
1626 3745 1810 3816 omnes.
1895 3839 1898 3844 Ι

251 3839 539 3934 ‘Christiani
575 3853 626 3933 et
661 3836 873 3934 ecclesiae
905 3835 1008 3930 imo
1040 3832 1339 3930 Patauienlis
1370 3826 1595 3934 [obuersa
1624 3852 1676 3934 et
1697 3836 1803 3932 Ro·

281 3961 440 4051 manis
476 3952 679 4048 subditae
701 3955 972 4082 prouinciae
1011 3950 1257 4048 desolatae.
1318 3953 1433 4074 Qua
1463 3969 1514 4050 et
1546 3953 1806 4080 tempesta,

281 4089 334 4170 te
370 4071 585 4168 eiusdem
617 4069 912 4166 Theodonis
942 4068 1222 4186 fraudibus,
1271 4080 1408 4166 totus
1438 4074 1654 4200 populus
1695 4070 1838 4165 Ro·-

279 4219 599 4287 manoruma
645 4187 808 4310 Melijs
855 4203 908 4283 et
949 4187 1217 4310 Pannoniis
1259 4188 1466 4282 Italiam*
1487 4187 1798 4316 transmigra·

279 4326 419 4444 runt,
449 4337 563 4446 nam
598 4304 660 4400 ab
696 4334 759 4400 eo
784 4306 964 4402 milites
983 4303 1199 4444 Romani
1218 4305 1346 4400 infra
1367 4306 1633 4446 triennium
1657 4308 1798 4432 quin·

276 4424 821 4756 {irraletur
846 4419 1432 4679 utitinam
1467 4424 1797 4683 “irruit

327 4657 494 4752 laueni
522 4656 721 4752 Moraui
761 4654 929 4777 Quadi
968 4655 1178 4753 Sarabec
1218 4657 1481 4784 (Sorabes),
1518 4657 1710 4782 Boiaril
1744 4678 1799 4760 et

280 4773 469 4898 blorici.
536 4773 638 4874 Hic
672 4773 891 4902 Theodo
931 4771 1248 4992 dinariorum
1287 4777 1642 4909 Metropolim,
1679 4808 1793 4906 quae
1868 4867 1878 4874 .

549 4981 552 4988 ,
633 4983 637 4994 ,
992 4925 1101 5030 ²²3
1293 5003 1299 5008 ,
1602 4927 1742 4997 nunc.
1813 5008 1819 5044 Ι

22 1168 25 1227 ι

22 1404 32 1469 t

22 1645 28 1706 i

21 1733 29 1826 l

21 1858 30 1947 'i

21 2006 30 2067 i

21 2093 31 2186 i

21 2214 30 2305 i

21 2364 31 2427 i

21 2481 33 2546 i

21 2721 33 2787 i

21 2841 33 2908 i

21 2961 32 3029 i

21 3084 32 3280 ἱ
284 3133 638 3261 ῐιειε,ρο[1ἐάἱῐ,
689 3150 1010 3272 parcentum
1040 3139 1157 3228 xxvi
1194 3169 1379 3251 annos,
1418 3170 1575 3263 vsque
1614 3138 1680 3234 ad
1718 3139 1803 3234 ad·

21 3324 31 3387 i

21 3436 32 3510 l

21 3562 32 3631 l

21 3661 31 3753 ἰ

21 3774 31 3869 l

21 3924 30 3989 i

21 4042 30 4111 Ι

21 4139 30 4231 t

21 4286 30 4351 i

21 4406 30 4471 i

21 4529 29 4591 i

21 4760 30 4831 ι

21 4884 31 4965 l
