4717 6050
637 378 752 485 gn·
950 488 955 509 .
1040 374 1101 453 m
1168 315 1706 457 ennochon
1786 341 1876 391 ³⁴

616 624 620 635 ·
667 641 671 647 ·
715 578 828 674 Rex
869 578 947 674 Vn
984 577 1083 672 arie
1124 576 1538 673 aVcnetenbbua
1578 579 1631 672 in
1697 574 1874 672 uadem
1908 578 2107 688 ciuitate

530 694 532 703 ⁴
593 695 819 802 obsessus.
861 727 928 821 po
968 726 1028 791 ea
1069 694 1324 821 colloquio
1365 696 1495 787 inter
1525 694 1573 788 se
1603 608 1777 791 habito
1806 696 1919 791 Rex
1951 712 2002 792 et
2033 698 2109 795 Cl-

360 900 366 909 .
540 829 541 832 ‘
594 845 700 909 nes.
731 827 790 915 vt
819 813 962 909 ambe
993 828 1172 941 partae
1202 811 1267 905 ad
1298 807 1632 936 sepedictum
1659 810 1837 907 ducem
1867 812 2110 913 albertum
2177 854 2180 857 ⁴
2279 885 2284 899 .

593 933 647 1027 in
671 932 937 1027 Wiennam
970 926 1666 1055 contencionem'deportant
1711 930 1944 1056 quicquid
1978 930 2111 1033 idem

593 1048 698 1144 dux
729 1047 947 1143 albertus
987 1045 1156 1145 austrie
1197 1045 1613 1171 supersumauerit.
1655 1061 1862 1173 vtraquc
1891 1078 2008 1174 pars
2036 1050 2123 1147 ra·'

483 1228 498 1259 .
590 1179 701 1261 tum
732 1168 784 1259 in
814 1166 1163 1293 sempiternum
1192 1160 1399 1273 tenebit.
1510 1194 1514 1200 ¹
1719 1248 1723 1254 .

714 1280 910 1379 Eodem
947 1312 1080 1378 anno
1121 1279 1254 1386 iacta
1296 1278 1361 1376 est
1402 1278 1633 1377 dissensio.
1674 1283 1805 1379 inter
1872 1312 2017 1409 apam
2058 1300 2112 1381 et

590 1402 818 1497 cesarem.
850 1398 1101 1525 Karolum.
1144 1402 1232 1541 qui
1290 1397 1729 1502 memorabatur.
1858 1403 1960 1497 irca
1977 1400 2111 1499 idem

593 1532 790 1644 tempus
822 1517 1020 1641 copiosa
1043 1430 1308 1611 mult1tutlb
1385 1515 1650 1640 gitiuorum
1672 1544 1738 1611 ex
1758 1514 1956 1613 diuersis
1972 1550 2110 1615 mun·

591 1634 646 1731 di
676 1634 897 1761 partibus
940 1636 1228 1761 congregati
1265 1633 1450 1728 scilicet
1480 1629 1544 1727 ad
1574 1628 1751 1728 decem
1781 1634 1917 1731 milia
1955 1651 2011 1733 ut
2040 1635 2114 1732 di·

434 1856 442 1863 ,
593 1751 812 1847 ecbatur.
843 1753 896 1847 in
926 1750 1257 1889 superioribus
1286 1749 1509 1875 partibus
1540 1749 1592 1842 in
1622 1751 1809 1876 campis
1838 1750 1986 1848 cultra
2012 1784 2114 1849 1111-

590 1870 838 1963 tabantur.
881 1882 933 1962 et
963 1868 1188 1962 unitates
1221 1898 1423 1993 magnas
1464 1881 1516 1960 et
1558 1866 1765 1961 castella.
1804 1868 2111 1997 gallicorum.

590 1984 862 2083 Renorum.
904 1982 1186 2078 francorum
1253 1985 1513 2103 spanorum
1542 1982 1850 2081 invadentes.
1891 1988 1977 2113 qui
2006 2017 2113 2082 om·

559 2114 683 2199 'nes
750 2117 913 2196 actum
943 2131 1055 2195 cum
1086 2102 1159 2195 eia
1212 2117 1416 2196 ecerunt
1457 2130 1568 2196 cum
1608 2102 1775 2195 multis
1804 2104 2004 2199 florenis
2043 2136 2112 2203 eo

527 2215 529 2226 '
589 2252 692 2436 guo
759 2219 925 2313 nullus
954 2216 1148 2347 Regum
1178 2248 1273 2313 nec
1338 2218 1581 2343 rincipum
1610 2220 1661 2312 ei
1689 2218 1898 2316 resistere
1928 2220 2110 2359 posset,

600 2432 602 2436 ,
635 2342 892 2466 apitaneus
922 2362 1048 2435 vero
1080 2364 1252 2431 eorum
1318 2335 1551 2431 icebatur.
1576 2332 1872 2431 landmibus.
1902 2368 1981 2433 cm
2005 2370 2108 2437 om·

544 2482 548 2487 ·
589 2459 669 2553 nis
698 2450 965 2554 multitudo
997 2452 1374 2579 obtemperabat
1404 2451 1521 2547 ficut
1549 2454 1629 2552 vir
1656 2482 1803 2567 vnus.

708 2570 904 2671 Eodem
927 2570 1083 2663 eciam
1109 2601 1242 2663 anno
1275 2572 1402 2662 circa
1424 2567 1593 2661 sellum
1623 2570 1776 2665 sancti
1801 2568 1973 2697 Georij
1994 2574 2110 2701 sepe

417 2796 423 2807 ,
591 2691 753 2786 dictus
775 2688 876 2781 dux
899 2686 1068 2786 ausitie
1095 2686 1325 2779 albertus.
1344 2684 1563 2779 obtinuit
1595 2716 1688 2810 per
1707 2688 1870 2783 varios
1894 2695 2106 2790 nuncios

589 2838 621 2901 a
642 2804 755 2901 sede
779 2802 1045 2942 apostolica
1077 2804 1240 2897 tocius
1264 2800 1470 2925 ducatus
1501 2800 1702 2898 babarie
1733 2833 1763 2898 1
1788 2806 1989 2903 vinculo
2023 2840 2108 2905 ex·

588 2919 1071 3017 commumcacionis.
1113 2949 1215 3043 quo
1250 2949 1342 3045 per
1362 2938 1491 3013 xxx*
1511 2936 1672 3017 annos
1691 2918 1854 3017 luerat
1875 2920 2053 3052 ligatus
2080 2960 2109 3022 a
2283 3009 2284 3043 Ν

589 3040 831 3180 1011111111
853 3069 997 3164 papa.
1029 3033 1230 3160 plenam
1263 3036 1630 3133 absolucionem
1665 3053 2109 3142 tammonuorum

589 3188 738 3284 quam
764 3185 1001 3250 vanorum.
1048 3149 1115 3245 ob
1146 3184 1295 3279 qnam
1326 3155 1516 3250 causam
1542 3155 1707 3253 dictus
1737 3155 1839 3250 dux
1868 3158 2108 3260 Albertus
2283 3237 2284 3250 .

505 3331 509 3338 ·
586 3303 681 3486 per
710 3273 758 3369 se
787 3272 1048 3374 Bouariam
1090 3268 1319 3364 ascendit.
1360 3269 1508 3366 liliam
1538 3272 1669 3366 suam
1710 3274 1763 3366 in
1792 3275 1899 3401 ipso
1927 3277 2107 3375 itinere
2274 3300 2281 3393 ,“

626 3388 962 3485 ebranbuach
994 3385 1107 3480 duci
1136 3385 1337 3480 bauarie
1359 3389 1549 3485 ‘volens
1579 3419 1640 3483 co
1678 3389 1826 3484 usare.
1867 3407 1920 3488 et
1949 3396 2107 3489 eciam
2273 3424 2279 3443 ’

588 3509 872 3632 episcopum
911 3503 1346 3715 Salczpurgensem
1386 3519 1441 3601 et
1470 3505 1624 3602 duces
1689 3505 1854 3602 abaric
1896 3511 1948 3605 in
1979 3543 2106 3638 pace

588 3639 831 3754 perpetua
861 3652 1046 3717 concor
1081 3649 1178 3714 are.
1567 3693 1570 3699 .
1678 3679 1684 3689 ·

770 3745 908 3835 Rubr.
947 3739 1098 3832 Anno
1129 3735 1340 3832 Domini
1369 3737 1442 3833 M.
1453 3765 1554 3834 ccc.
1568 3739 1683 3861 lviij.

583 3889 590 3900 ·
705 3857 897 3952 Volens
940 3856 1259 3979 omnipotens
1286 3852 1422 3950 vdeus
1462 3856 1568 3983 poll
1597 3872 1763 3953 tantos
1792 3856 1991 3956 labores
2032 3863 2104 3960 di·

582 3977 768 4070 lectum
812 3971 896 4072 sibi
939 3986 990 4066 et
1031 3970 1313 4076 hominibus
1353 3972 1615 4069 multarum
1645 3987 1886 4070 terrarum
1923 3979 2104 4076 amabi·

585 4091 686 4188 lem
716 4123 774 4186 ac
805 4090 1068 4217 plurimum
1098 4090 1382 4229 perutilem
1409 4120 1534 4215 ymo
1565 4092 1703 4217 pacis
1724 4109 1996 4189 amatorem
2019 4095 2103 4193 dc·

451 4263 459 4269 ·
583 4209 880 4305 structorem.
911 4206 1150 4304 discord1e
1182 4204 1540 4304 Illustrissimum
1563 4207 1742 4305 ducem
1771 4209 1886 4338 sepe
1918 4211 2102 4310 dictum

580 4326 829 4421 albertum
861 4326 1036 4428 <lucem
1068 4323 1239 4421 austrie
1281 4323 1430 4420 Stirie
1474 4339 1526 4422 et
1554 4327 1815 4424 Karintbie
1848 4326 1992 4426 adse
2023 4362 2100 4426 ac·

588 4443 756 4538 cersne
787 4445 839 4540 in
869 4445 1040 4572 paucis
1071 4443 1216 4562 bonis
1246 4439 1567 4539 fidelissimum
1602 4447 1745 4573 super
1773 4445 1928 4540 multa
1957 4447 2099 4572 plora

586 4559 879 4660 constituere
908 4563 960 4655 in
992 4562 1175 4658 eternis
1240 4557 1391 4684 audija
1424 4561 1670 4657 celorum.
1718 4562 1856 4686 Obijt
1875 4563 2096 4691 sequenti

580 4675 667 4770 die
699 4675 803 4802 poll
824 4678 1011 4803 ‘Allexij
1044 4589 1341 4774 confessoris.
1374 4709 1507 4776 anno
1538 4679 1683 4774 etatis
1712 4678 1808 4774 sue.
1826 4681 1950 4776 lxix.
1983 4711 2096 4776 con-

584 4807 768 4890 tractus
801 4809 978 4891 autem.
1013 4799 1156 4918 xxvij.
1182 4797 1324 4892 annis
1355 4799 1530 4890 extitit.
1564 4798 1633 4891 ita
1657 4797 1791 4924 quod
1816 4820 1911 4892 nec
1932 4797 2094 4891 ambu-

583 4909 703 5009 lare.
742 4945 837 5009 nec
874 4912 1081 5046 palpare
1122 4916 1289 5045 potuit
1326 4928 1381 5012 vt
1408 4913 1704 5041 paraliticus·
1731 4929 1877 5044 pater
1916 4915 2092 5012 multo·

405 5061 408 5070 ·
1237 5091 1241 5096 -
1930 5062 2038 5128 rum
