<?xml version="1.0" encoding="UTF-8"?>
<!DOCTYPE html PUBLIC "-//W3C//DTD XHTML 1.0 Transitional//EN"
    "http://www.w3.org/TR/xhtml1/DTD/xhtml1-transitional.dtd">
<html xmlns="http://www.w3.org/1999/xhtml" xml:lang="en" lang="en">
 <head>
  <title>
</title>
<meta http-equiv="Content-Type" content="text/html;charset=utf-8" />
  <meta name='ocr-system' content='tesseract 3.04.00' />
  <meta name='ocr-capabilities' content='ocr_page ocr_carea ocr_par ocr_line ocrx_word'/>
</head>
<body>
  <div class='ocr_page' id='page_1' title='image "./rerumavstriacar00raucgoog_0511.png"; bbox 0 0 4717 6050; ppageno 0'>
   <div class='ocr_carea' id='block_1_1' title="bbox 504 373 1826 496">
    <p class='ocr_par' dir='ltr' id='par_1_1' title="bbox 504 373 1826 496">
     <span class='ocr_line' id='line_1_1' title="bbox 504 373 1826 496; baseline -0.016 -18"><span class='ocrx_word' id='word_1_1' title='bbox 504 470 507 478; x_wconf 84' lang='grc'><strong><em>,</em></strong></span> <span class='ocrx_word' id='word_1_2' title='bbox 685 413 764 488; x_wconf 52' lang='grc' dir='ltr'>ιο,</span> <span class='ocrx_word' id='word_1_3' title='bbox 1005 380 1078 458; x_wconf 84' lang='lat' dir='ltr'>vr.</span> <span class='ocrx_word' id='word_1_4' title='bbox 1156 373 1826 496; x_wconf 45' lang='lat' dir='ltr'>scunrrovrun„</span> 
     </span>
    </p>
   </div>
   <div class='ocr_carea' id='block_1_2' title="bbox 558 579 2149 2003">
    <p class='ocr_par' dir='ltr' id='par_1_2' title="bbox 558 579 2149 2003">
     <span class='ocr_line' id='line_1_2' title="bbox 638 579 2147 722; baseline 0.005 -36.94"><span class='ocrx_word' id='word_1_5' title='bbox 638 586 818 686; x_wconf 82' lang='lat' dir='ltr'>decani</span> <span class='ocrx_word' id='word_1_6' title='bbox 845 581 1146 678; x_wconf 86' lang='lat' dir='ltr'>Patauieniis</span> <span class='ocrx_word' id='word_1_7' title='bbox 1177 583 1231 676; x_wconf 92' lang='lat' dir='ltr'>in</span> <span class='ocrx_word' id='word_1_8' title='bbox 1267 581 1548 708; x_wconf 84' lang='lat' dir='ltr'>episcopum</span> <span class='ocrx_word' id='word_1_9' title='bbox 1589 580 1931 684; x_wconf 86' lang='lat' dir='ltr'>Patauienlem</span> <span class='ocrx_word' id='word_1_10' title='bbox 1965 579 2147 722; x_wconf 84' lang='lat' dir='ltr'>eligitur</span> 
     </span>
     <span class='ocr_line' id='line_1_3' title="bbox 635 697 2139 831; baseline 0.007 -33"><span class='ocrx_word' id='word_1_11' title='bbox 635 711 791 808; x_wconf 84' lang='lat' dir='ltr'>Anno</span> <span class='ocrx_word' id='word_1_12' title='bbox 813 699 1003 798; x_wconf 90' lang='lat' dir='ltr'>domini</span> <span class='ocrx_word' id='word_1_13' title='bbox 1027 697 1228 796; x_wconf 88' lang='lat' dir='ltr'><strong>MCCL.</strong></span> <span class='ocrx_word' id='word_1_14' title='bbox 1255 700 1340 827; x_wconf 92' lang='lat' dir='ltr'>qui</span> <span class='ocrx_word' id='word_1_15' title='bbox 1364 701 1461 796; x_wconf 86' lang='lat' dir='ltr'>iam</span> <span class='ocrx_word' id='word_1_16' title='bbox 1496 702 1547 794; x_wconf 91' lang='lat' dir='ltr'>in</span> <span class='ocrx_word' id='word_1_17' title='bbox 1580 701 1862 828; x_wconf 87' lang='lat' dir='ltr'>episcopum</span> <span class='ocrx_word' id='word_1_18' title='bbox 1897 731 2139 831; x_wconf 75' lang='lat' dir='ltr'>promotus</span> 
     </span>
     <span class='ocr_line' id='line_1_4' title="bbox 558 813 2141 960; baseline 0.006 -42"><span class='ocrx_word' id='word_1_19' title='bbox 558 891 561 897; x_wconf 87' lang='lat'>-</span> <span class='ocrx_word' id='word_1_20' title='bbox 638 819 850 960; x_wconf 70' lang='lat' dir='ltr'>Alberto</span> <span class='ocrx_word' id='word_1_21' title='bbox 871 813 1063 915; x_wconf 86' lang='lat' dir='ltr'>decano</span> <span class='ocrx_word' id='word_1_22' title='bbox 1089 815 1302 955; x_wconf 78' lang='lat' dir='ltr'>Castrum</span> <span class='ocrx_word' id='word_1_23' title='bbox 1326 816 1496 954; x_wconf 82' lang='lat' dir='ltr'>Bubus</span> <span class='ocrx_word' id='word_1_24' title='bbox 1517 849 1627 912; x_wconf 89' lang='lat' dir='ltr'>cum</span> <span class='ocrx_word' id='word_1_25' title='bbox 1647 819 1742 950; x_wconf 74' lang='lat' dir='ltr'>suia</span> <span class='ocrx_word' id='word_1_26' title='bbox 1764 826 2141 960; x_wconf 83' lang='lat' dir='ltr'>comitatibusin</span> 
     </span>
     <span class='ocr_line' id='line_1_5' title="bbox 636 927 2140 1188; baseline 0.004 -34"><span class='ocrx_word' id='word_1_27' title='bbox 636 927 2140 1188; x_wconf 51' lang='lat' dir='ltr'>uetuerimne,retinueratttu.</span> 
     </span>
     <span class='ocr_line' id='line_1_6' title="bbox 636 1096 2137 1294; baseline 0.001 -22"><span class='ocrx_word' id='word_1_28' title='bbox 636 1172 857 1293; x_wconf 74' lang='lat' dir='ltr'>&#39;tinentiis</span> <span class='ocrx_word' id='word_1_29' title='bbox 870 1168 1085 1264; x_wconf 81' lang='lat' dir='ltr'>[imiliter</span> <span class='ocrx_word' id='word_1_30' title='bbox 1106 1167 1351 1294; x_wconf 74' lang='lat' dir='ltr'>elargitur.</span> <span class='ocrx_word' id='word_1_31' title='bbox 1382 1167 1505 1264; x_wconf 85' lang='lat' dir='ltr'><strong>Item</strong></span> <span class='ocrx_word' id='word_1_32' title='bbox 1528 1167 1807 1285; x_wconf 87' lang='lat' dir='ltr'>inPatauia</span> <span class='ocrx_word' id='word_1_33' title='bbox 1827 1193 2017 1272; x_wconf 88' lang='lat' dir='ltr'>mutam</span> <span class='ocrx_word' id='word_1_34' title='bbox 2030 1096 2137 1276; x_wconf 66' lang='lat' dir='ltr'>llan-</span> 
     </span>
     <span class='ocr_line' id='line_1_7' title="bbox 636 1285 2139 1423; baseline 0.002 -35"><span class='ocrx_word' id='word_1_35' title='bbox 636 1295 720 1407; x_wconf 88' lang='lat' dir='ltr'>ni,</span> <span class='ocrx_word' id='word_1_36' title='bbox 781 1305 832 1385; x_wconf 92' lang='lat' dir='ltr'>et</span> <span class='ocrx_word' id='word_1_37' title='bbox 861 1317 963 1414; x_wconf 89' lang='lat' dir='ltr'>prae</span> <span class='ocrx_word' id='word_1_38' title='bbox 1003 1285 1227 1423; x_wconf 76' lang='lat' dir='ltr'>ofituram</span> <span class='ocrx_word' id='word_1_39' title='bbox 1266 1285 1490 1380; x_wconf 86' lang='lat' dir='ltr'>Abbatiae</span> <span class='ocrx_word' id='word_1_40' title='bbox 1530 1287 1853 1414; x_wconf 74' lang='lat' dir='ltr'>(Medcrburg)</span> <span class='ocrx_word' id='word_1_41' title='bbox 1897 1308 1951 1386; x_wconf 89' lang='lat' dir='ltr'>et</span> <span class='ocrx_word' id='word_1_42' title='bbox 1994 1299 2139 1391; x_wconf 87' lang='lat' dir='ltr'>omnia</span> 
     </span>
     <span class='ocr_line' id='line_1_8' title="bbox 635 1401 2140 1525; baseline 0.002 -18"><span class='ocrx_word' id='word_1_43' title='bbox 635 1403 880 1508; x_wconf 85' lang='lat' dir='ltr'>beneficia</span> <span class='ocrx_word' id='word_1_44' title='bbox 978 1431 1300 1497; x_wconf 87' lang='lat' dir='ltr'>anomcorum</span> <span class='ocrx_word' id='word_1_45' title='bbox 1355 1401 1711 1498; x_wconf 83' lang='lat' dir='ltr'>Patauienirum</span> <span class='ocrx_word' id='word_1_46' title='bbox 1770 1409 2140 1525; x_wconf 70' lang='lat' dir='ltr'>aduersariorum</span> 
     </span>
     <span class='ocr_line' id='line_1_9' title="bbox 636 1519 2138 1654; baseline 0.003 -34"><span class='ocrx_word' id='word_1_47' title='bbox 636 1527 831 1625; x_wconf 78' lang='lat' dir='ltr'>suorum</span> <span class='ocrx_word' id='word_1_48' title='bbox 865 1519 948 1616; x_wconf 83' lang='lat' dir='ltr'>fibi</span> <span class='ocrx_word' id='word_1_49' title='bbox 980 1519 1248 1614; x_wconf 84' lang='lat' dir='ltr'>liberaliter</span> <span class='ocrx_word' id='word_1_50' title='bbox 1274 1521 1593 1649; x_wconf 65' lang='lat' dir='ltr'>eontulit,3et</span> <span class='ocrx_word' id='word_1_51' title='bbox 1625 1522 1730 1616; x_wconf 85' lang='lat' dir='ltr'>luis.</span> <span class='ocrx_word' id='word_1_52' title='bbox 1774 1527 2012 1654; x_wconf 82' lang='lat' dir='ltr'>riuilegijs</span> <span class='ocrx_word' id='word_1_53' title='bbox 2040 1562 2138 1626; x_wconf 87' lang='lat' dir='ltr'>con·</span> 
     </span>
     <span class='ocr_line' id='line_1_10' title="bbox 637 1556 2149 1769; baseline 0.001 -31"><span class='ocrx_word' id='word_1_54' title='bbox 637 1641 872 1738; x_wconf 78' lang='lat' dir='ltr'>firmauit,</span> <span class='ocrx_word' id='word_1_55' title='bbox 923 1635 1086 1766; x_wconf 85' lang='lat' dir='ltr'>Quam</span> <span class='ocrx_word' id='word_1_56' title='bbox 1118 1635 1475 1762; x_wconf 81' lang='lat' dir='ltr'><strong>benignitatem</strong></span> <span class='ocrx_word' id='word_1_57' title='bbox 1510 1651 1561 1732; x_wconf 91' lang='lat' dir='ltr'>et</span> <span class='ocrx_word' id='word_1_58' title='bbox 1593 1556 1939 1765; x_wconf 77' lang='lat' dir='ltr'>liberalitatem</span> <span class='ocrx_word' id='word_1_59' title='bbox 1985 1646 2106 1769; x_wconf 78' lang='lat' dir='ltr'>prael</span> <span class='ocrx_word' id='word_1_60' title='bbox 2123 1635 2149 1725; x_wconf 80' lang='lat'>·‘</span> 
     </span>
     <span class='ocr_line' id='line_1_11' title="bbox 597 1751 2137 1890; baseline 0.001 -36"><span class='ocrx_word' id='word_1_61' title='bbox 597 1801 612 1818; x_wconf 93' lang='lat'>··</span> <span class='ocrx_word' id='word_1_62' title='bbox 636 1775 718 1858; x_wconf 85' lang='lat' dir='ltr'>tus</span> <span class='ocrx_word' id='word_1_63' title='bbox 747 1756 985 1852; x_wconf 89' lang='lat' dir='ltr'>Decanus</span> <span class='ocrx_word' id='word_1_64' title='bbox 1011 1751 1285 1849; x_wconf 76' lang='lat' dir='ltr'>,attendens</span> <span class='ocrx_word' id='word_1_65' title='bbox 1322 1752 1404 1856; x_wconf 83' lang='lat' dir='ltr'>irbi</span> <span class='ocrx_word' id='word_1_66' title='bbox 1435 1754 1682 1880; x_wconf 80' lang='lat' dir='ltr'>sexaginta</span> <span class='ocrx_word' id='word_1_67' title='bbox 1714 1757 1796 1883; x_wconf 79' lang='lat' dir='ltr'>lex</span> <span class='ocrx_word' id='word_1_68' title='bbox 1825 1757 2016 1856; x_wconf 75' lang='lat' dir='ltr'>ritareas</span> <span class='ocrx_word' id='word_1_69' title='bbox 2043 1768 2137 1890; x_wconf 87' lang='lat' dir='ltr'>puri</span> 
     </span>
     <span class='ocr_line' id='line_1_12' title="bbox 639 1868 2141 2003; baseline 0.002 -30"><span class='ocrx_word' id='word_1_70' title='bbox 639 1875 844 2002; x_wconf 80' lang='lat' dir='ltr'>argenti.</span> <span class='ocrx_word' id='word_1_71' title='bbox 864 1869 927 1964; x_wconf 91' lang='lat' dir='ltr'>ad</span> <span class='ocrx_word' id='word_1_72' title='bbox 958 1871 1171 1973; x_wconf 89' lang='lat' dir='ltr'>reditum</span> <span class='ocrx_word' id='word_1_73' title='bbox 1204 1871 1255 1965; x_wconf 90' lang='lat' dir='ltr'>in</span> <span class='ocrx_word' id='word_1_74' title='bbox 1278 1868 1538 1966; x_wconf 86' lang='lat' dir='ltr'>Poloniam</span> <span class='ocrx_word' id='word_1_75' title='bbox 1570 1878 1833 1990; x_wconf 89' lang='lat' dir='ltr'>mutuauit,</span> <span class='ocrx_word' id='word_1_76' title='bbox 1863 1897 1917 1972; x_wconf 90' lang='lat' dir='ltr'>et</span> <span class='ocrx_word' id='word_1_77' title='bbox 1950 1880 2141 2003; x_wconf 85' lang='lat' dir='ltr'>quatuor</span> 
     </span>
    </p>
   </div>
   <div class='ocr_carea' id='block_1_3' title="bbox 462 1982 2148 2124">
    <p class='ocr_par' dir='ltr' id='par_1_3' title="bbox 462 1982 2148 2124">
     <span class='ocr_line' id='line_1_13' title="bbox 462 1982 2148 2124; baseline 0.007 -39"><span class='ocrx_word' id='word_1_78' title='bbox 462 2059 465 2068; x_wconf 34' lang='grc' dir='ltr'>ι</span> <span class='ocrx_word' id='word_1_79' title='bbox 637 1983 797 2120; x_wconf 71' lang='lat' dir='ltr'>equos</span> <span class='ocrx_word' id='word_1_80' title='bbox 820 1987 985 2102; x_wconf 88' lang='lat' dir='ltr'>dedit,</span> <span class='ocrx_word' id='word_1_81' title='bbox 1016 1987 1230 2082; x_wconf 78' lang='lat' dir='ltr'>similiter</span> <span class='ocrx_word' id='word_1_82' title='bbox 1250 1982 1589 2124; x_wconf 73' lang='lat' dir='ltr'>suppellectile</span> <span class='ocrx_word' id='word_1_83' title='bbox 1614 1990 1748 2114; x_wconf 88' lang='lat' dir='ltr'>quod</span> <span class='ocrx_word' id='word_1_84' title='bbox 1769 1995 1821 2086; x_wconf 90' lang='lat' dir='ltr'>in</span> <span class='ocrx_word' id='word_1_85' title='bbox 1839 1990 2045 2090; x_wconf 83' lang='lat' dir='ltr'>Patauio</span> <span class='ocrx_word' id='word_1_86' title='bbox 2067 1999 2148 2098; x_wconf 71' lang='lat' dir='ltr'>ha.</span> 
     </span>
    </p>
   </div>
   <div class='ocr_carea' id='block_1_4' title="bbox 500 2105 2138 3405">
    <p class='ocr_par' dir='ltr' id='par_1_4' title="bbox 500 2105 2138 2472">
     <span class='ocr_line' id='line_1_14' title="bbox 635 2105 2138 2236; baseline -0.001 -27"><span class='ocrx_word' id='word_1_87' title='bbox 635 2111 770 2225; x_wconf 92' lang='lat' dir='ltr'>buit,</span> <span class='ocrx_word' id='word_1_88' title='bbox 810 2109 875 2203; x_wconf 90' lang='lat' dir='ltr'>Et</span> <span class='ocrx_word' id='word_1_89' title='bbox 903 2134 995 2236; x_wconf 90' lang='lat' dir='ltr'>pro</span> <span class='ocrx_word' id='word_1_90' title='bbox 1028 2119 1235 2199; x_wconf 85' lang='lat' dir='ltr'>centum.</span> <span class='ocrx_word' id='word_1_91' title='bbox 1256 2133 1430 2197; x_wconf 79' lang='lat' dir='ltr'>marcls</span> <span class='ocrx_word' id='word_1_92' title='bbox 1462 2108 1567 2200; x_wconf 87' lang='lat' dir='ltr'>auri</span> <span class='ocrx_word' id='word_1_93' title='bbox 1594 2105 1643 2199; x_wconf 87' lang='lat' dir='ltr'>se</span> <span class='ocrx_word' id='word_1_94' title='bbox 1673 2138 1764 2234; x_wconf 87' lang='lat' dir='ltr'>pro</span> <span class='ocrx_word' id='word_1_95' title='bbox 1790 2108 1988 2207; x_wconf 56' lang='lat' dir='ltr'>&#39;eodem‘</span> <span class='ocrx_word' id='word_1_96' title='bbox 2011 2112 2138 2208; x_wconf 78' lang='lat' dir='ltr'>Colo·</span> 
     </span>
     <span class='ocr_line' id='line_1_15' title="bbox 634 2216 2136 2352; baseline -0.01 -30"><span class='ocrx_word' id='word_1_97' title='bbox 634 2227 727 2324; x_wconf 85' lang='lat' dir='ltr'>nis.</span> <span class='ocrx_word' id='word_1_98' title='bbox 750 2222 925 2322; x_wconf 88' lang='lat' dir='ltr'>vadem</span> <span class='ocrx_word' id='word_1_99' title='bbox 963 2221 1234 2334; x_wconf 84' lang='lat' dir='ltr'>constituit,</span> <span class='ocrx_word' id='word_1_100' title='bbox 1253 2216 1347 2352; x_wconf 68' lang='lat' dir='ltr'>ubi</span> <span class='ocrx_word' id='word_1_101' title='bbox 1375 2251 1469 2351; x_wconf 86' lang='lat' dir='ltr'>per</span> <span class='ocrx_word' id='word_1_102' title='bbox 1497 2220 1670 2332; x_wconf 87' lang='lat' dir='ltr'>decem</span> <span class='ocrx_word' id='word_1_103' title='bbox 1710 2227 1900 2342; x_wconf 73' lang='lat' dir='ltr'>menies</span> <span class='ocrx_word' id='word_1_104' title='bbox 1941 2244 2026 2339; x_wconf 80' lang='lat' dir='ltr'>aut</span> <span class='ocrx_word' id='word_1_105' title='bbox 2055 2261 2136 2324; x_wconf 88' lang='lat' dir='ltr'>am.</span> 
     </span>
     <span class='ocr_line' id='line_1_16' title="bbox 500 2337 2135 2472; baseline 0.004 -38"><span class='ocrx_word' id='word_1_106' title='bbox 500 2427 504 2434; x_wconf 88' lang='lat'>.</span> <span class='ocrx_word' id='word_1_107' title='bbox 635 2345 768 2472; x_wconf 86' lang='lat' dir='ltr'>plius</span> <span class='ocrx_word' id='word_1_108' title='bbox 802 2373 990 2456; x_wconf 86' lang='lat' dir='ltr'>moram</span> <span class='ocrx_word' id='word_1_109' title='bbox 1019 2339 1195 2449; x_wconf 76' lang='lat' dir='ltr'>traxit,</span> <span class='ocrx_word' id='word_1_110' title='bbox 1228 2354 1279 2432; x_wconf 92' lang='lat' dir='ltr'>et</span> <span class='ocrx_word' id='word_1_111' title='bbox 1309 2354 1506 2434; x_wconf 89' lang='lat' dir='ltr'>centum</span> <span class='ocrx_word' id='word_1_112' title='bbox 1539 2337 2042 2466; x_wconf 78' lang='lat' dir='ltr'>quindecim.Jmar&#39;eas</span> <span class='ocrx_word' id='word_1_113' title='bbox 2074 2377 2135 2446; x_wconf 82' lang='lat' dir='ltr'>ar·</span> 
     </span>
    </p>

    <p class='ocr_par' dir='ltr' id='par_1_5' title="bbox 593 2450 2136 2593">
     <span class='ocr_line' id='line_1_17' title="bbox 593 2450 2136 2593; baseline 0.002 -38"><span class='ocrx_word' id='word_1_114' title='bbox 593 2523 599 2540; x_wconf 80' lang='lat'><strong>·</strong></span> <span class='ocrx_word' id='word_1_115' title='bbox 671 2461 775 2556; x_wconf 91' lang='lat' dir='ltr'>enti</span> <span class='ocrx_word' id='word_1_116' title='bbox 818 2492 882 2555; x_wconf 86' lang='lat' dir='ltr'>ex</span> <span class='ocrx_word' id='word_1_117' title='bbox 921 2454 1101 2572; x_wconf 56' lang='lat' dir='ltr'>ondit,</span> <span class='ocrx_word' id='word_1_118' title='bbox 1131 2450 1375 2592; x_wconf 19' lang='lat' dir='ltr'>⁴&#39;IJande&#39;m</span> <span class='ocrx_word' id='word_1_119' title='bbox 1417 2462 1507 2593; x_wconf 71' lang='lat' dir='ltr'>per</span> <span class='ocrx_word' id='word_1_120' title='bbox 1548 2459 1793 2581; x_wconf 86' lang='lat' dir='ltr'>quendam</span> <span class='ocrx_word' id='word_1_121' title='bbox 1841 2461 2136 2588; x_wconf 77' lang='lat' dir='ltr'>praepositum</span> 
     </span>
    </p>

    <p class='ocr_par' dir='ltr' id='par_1_6' title="bbox 591 2492 2136 3405">
     <span class='ocr_line' id='line_1_18' title="bbox 591 2492 2136 2696; baseline -0.003 -19"><span class='ocrx_word' id='word_1_122' title='bbox 591 2589 593 2596; x_wconf 79' lang='grc'><em>’</em></span> <span class='ocrx_word' id='word_1_123' title='bbox 634 2492 807 2678; x_wconf 60' lang='lat' dir='ltr'>§ancti</span> <span class='ocrx_word' id='word_1_124' title='bbox 872 2573 1070 2693; x_wconf 53' lang='lat' dir='ltr'>sidonis</span> <span class='ocrx_word' id='word_1_125' title='bbox 1100 2568 1337 2696; x_wconf 75' lang='lat' dir='ltr'>Spirensis</span> <span class='ocrx_word' id='word_1_126' title='bbox 1367 2586 1563 2667; x_wconf 73' lang='lat' dir='ltr'>territus</span> <span class='ocrx_word' id='word_1_127' title='bbox 1585 2571 1650 2670; x_wconf 90' lang='lat' dir='ltr'>ad</span> <span class='ocrx_word' id='word_1_128' title='bbox 1669 2573 1949 2681; x_wconf 85' lang='lat' dir='ltr'>Romanam</span> <span class='ocrx_word' id='word_1_129' title='bbox 1972 2583 2136 2673; x_wconf 89' lang='lat' dir='ltr'>curiam</span> 
     </span>
     <span class='ocr_line' id='line_1_19' title="bbox 635 2689 2136 2821; baseline -0.001 -29"><span class='ocrx_word' id='word_1_130' title='bbox 635 2695 919 2793; x_wconf 81' lang='lat' dir='ltr'>festinanter</span> <span class='ocrx_word' id='word_1_131' title='bbox 950 2689 1164 2804; x_wconf 86' lang='lat' dir='ltr'>aoceffit,</span> <span class='ocrx_word' id='word_1_132' title='bbox 1206 2689 1256 2784; x_wconf 76' lang='lat' dir='ltr'>et</span> <span class='ocrx_word' id='word_1_133' title='bbox 1284 2689 1601 2785; x_wconf 88' lang='lat' dir='ltr'>ambitionem</span> <span class='ocrx_word' id='word_1_134' title='bbox 1646 2692 1868 2791; x_wconf 85' lang='lat' dir='ltr'>eiusdem</span> <span class='ocrx_word' id='word_1_135' title='bbox 1911 2695 2136 2821; x_wconf 84' lang='lat' dir='ltr'>praepolti</span> 
     </span>
     <span class='ocr_line' id='line_1_20' title="bbox 635 2805 2133 2933; baseline -0.004 -23"><span class='ocrx_word' id='word_1_136' title='bbox 635 2811 873 2910; x_wconf 81' lang='lat' dir='ltr'>foeliciter</span> <span class='ocrx_word' id='word_1_137' title='bbox 891 2811 1142 2925; x_wconf 85' lang='lat' dir='ltr'>vaeuauit,</span> <span class='ocrx_word' id='word_1_138' title='bbox 1168 2805 1424 2933; x_wconf 84' lang='lat' dir='ltr'>Postquam</span> <span class='ocrx_word' id='word_1_139' title='bbox 1437 2813 1555 2902; x_wconf 79' lang='lat' dir='ltr'>&#39;vero</span> <span class='ocrx_word' id='word_1_140' title='bbox 1580 2806 1846 2921; x_wconf 71' lang='lat' dir='ltr'>Comedus,</span> <span class='ocrx_word' id='word_1_141' title='bbox 1861 2811 2046 2932; x_wconf 88' lang='lat' dir='ltr'>electus</span> <span class='ocrx_word' id='word_1_142' title='bbox 2063 2821 2133 2904; x_wconf 82' lang='lat' dir='ltr'>ari·</span> 
     </span>
     <span class='ocr_line' id='line_1_21' title="bbox 636 2923 2133 3054; baseline -0.003 -29"><span class='ocrx_word' id='word_1_143' title='bbox 636 2961 756 3027; x_wconf 89' lang='lat' dir='ltr'>num</span> <span class='ocrx_word' id='word_1_144' title='bbox 786 2957 937 3022; x_wconf 86' lang='lat' dir='ltr'>vnum</span> <span class='ocrx_word' id='word_1_145' title='bbox 970 2939 1021 3018; x_wconf 91' lang='lat' dir='ltr'>et</span> <span class='ocrx_word' id='word_1_146' title='bbox 1050 2924 1239 3018; x_wconf 82' lang='lat' dir='ltr'>menses</span> <span class='ocrx_word' id='word_1_147' title='bbox 1269 2938 1369 3043; x_wconf 87' lang='lat' dir='ltr'>tres</span> <span class='ocrx_word' id='word_1_148' title='bbox 1400 2923 1620 3051; x_wconf 81' lang='lat' dir='ltr'>praefuit,</span> <span class='ocrx_word' id='word_1_149' title='bbox 1674 2924 1736 3019; x_wconf 89' lang='lat' dir='ltr'>ad</span> <span class='ocrx_word' id='word_1_150' title='bbox 1780 2928 1951 3054; x_wconf 79' lang='lat' dir='ltr'>iugum</span> <span class='ocrx_word' id='word_1_151' title='bbox 1989 2929 2133 3021; x_wconf 88' lang='lat' dir='ltr'>matri·</span> 
     </span>
     <span class='ocr_line' id='line_1_22' title="bbox 633 3041 2129 3173; baseline -0.001 -32"><span class='ocrx_word' id='word_1_152' title='bbox 633 3046 786 3171; x_wconf 87' lang='lat' dir='ltr'>monij</span> <span class='ocrx_word' id='word_1_153' title='bbox 820 3041 1132 3158; x_wconf 89' lang='lat' dir='ltr'>conuolauit,</span> <span class='ocrx_word' id='word_1_154' title='bbox 1162 3041 1349 3169; x_wconf 83' lang='lat' dir='ltr'>ducens</span> <span class='ocrx_word' id='word_1_155' title='bbox 1378 3044 1430 3136; x_wconf 92' lang='lat' dir='ltr'>in</span> <span class='ocrx_word' id='word_1_156' title='bbox 1460 3073 1662 3173; x_wconf 77' lang='lat' dir='ltr'>uxorem</span> <span class='ocrx_word' id='word_1_157' title='bbox 1695 3042 1842 3138; x_wconf 88' lang='lat' dir='ltr'>liliam</span> <span class='ocrx_word' id='word_1_158' title='bbox 1874 3042 2011 3141; x_wconf 86' lang='lat' dir='ltr'>ducis</span> <span class='ocrx_word' id='word_1_159' title='bbox 2050 3044 2129 3140; x_wconf 90' lang='lat' dir='ltr'>Po·</span> 
     </span>
     <span class='ocr_line' id='line_1_23' title="bbox 633 3158 2131 3292; baseline -0.001 -36"><span class='ocrx_word' id='word_1_160' title='bbox 633 3164 867 3285; x_wconf 79' lang='lat' dir='ltr'>lonorum</span> <span class='ocrx_word' id='word_1_161' title='bbox 919 3158 1183 3275; x_wconf 88' lang='lat' dir='ltr'>Odowitz,</span> <span class='ocrx_word' id='word_1_162' title='bbox 1239 3176 1293 3277; x_wconf 33' lang='lat' dir='ltr'>,et</span> <span class='ocrx_word' id='word_1_163' title='bbox 1342 3159 1544 3281; x_wconf 88' lang='lat' dir='ltr'>fratrem</span> <span class='ocrx_word' id='word_1_164' title='bbox 1582 3160 1715 3255; x_wconf 90' lang='lat' dir='ltr'>luum</span> <span class='ocrx_word' id='word_1_165' title='bbox 1767 3164 2131 3292; x_wconf 85' lang='lat' dir='ltr'>primogenitum</span> 
     </span>
     <span class='ocr_line' id='line_1_24' title="bbox 634 3277 2127 3405; baseline -0.001 -32"><span class='ocrx_word' id='word_1_166' title='bbox 634 3277 965 3381; x_wconf 80' lang='lat' dir='ltr'>wladislaum</span> <span class='ocrx_word' id='word_1_167' title='bbox 1007 3279 1234 3405; x_wconf 79' lang='lat' dir='ltr'>capiens,</span> <span class='ocrx_word' id='word_1_168' title='bbox 1330 3278 1571 3371; x_wconf 88' lang='lat' dir='ltr'>ortionem</span> <span class='ocrx_word' id='word_1_169' title='bbox 1649 3292 1833 3372; x_wconf 89' lang='lat' dir='ltr'>aternae</span> <span class='ocrx_word' id='word_1_170' title='bbox 1863 3283 1960 3378; x_wconf 86' lang='lat' dir='ltr'>luae</span> <span class='ocrx_word' id='word_1_171' title='bbox 1998 3282 2127 3374; x_wconf 83' lang='lat' dir='ltr'>haere·</span> 
     </span>
    </p>
   </div>
   <div class='ocr_carea' id='block_1_5' title="bbox 456 3392 2126 3533">
    <p class='ocr_par' dir='ltr' id='par_1_7' title="bbox 456 3392 2126 3533">
     <span class='ocr_line' id='line_1_25' title="bbox 456 3392 2126 3533; baseline -0.001 -42"><span class='ocrx_word' id='word_1_172' title='bbox 456 3392 499 3429; x_wconf 83' lang='lat'>&#39;&#39;</span> <span class='ocrx_word' id='word_1_173' title='bbox 635 3394 801 3491; x_wconf 84' lang='lat' dir='ltr'>ditatis</span> <span class='ocrx_word' id='word_1_174' title='bbox 832 3394 1062 3523; x_wconf 87' lang='lat' dir='ltr'>requirit,</span> <span class='ocrx_word' id='word_1_175' title='bbox 1119 3394 1236 3516; x_wconf 91' lang='lat' dir='ltr'>Quo</span> <span class='ocrx_word' id='word_1_176' title='bbox 1302 3407 1474 3488; x_wconf 89' lang='lat' dir='ltr'>etento</span> <span class='ocrx_word' id='word_1_177' title='bbox 1507 3407 1558 3487; x_wconf 91' lang='lat' dir='ltr'>et</span> <span class='ocrx_word' id='word_1_178' title='bbox 1632 3409 1786 3489; x_wconf 86' lang='lat' dir='ltr'>atrem</span> <span class='ocrx_word' id='word_1_179' title='bbox 1808 3396 1944 3491; x_wconf 84' lang='lat' dir='ltr'>snum</span> <span class='ocrx_word' id='word_1_180' title='bbox 1969 3398 2126 3533; x_wconf 84' lang='lat' dir='ltr'>prirno-</span> 
     </span>
    </p>
   </div>
   <div class='ocr_carea' id='block_1_6' title="bbox 550 3509 2125 4897">
    <p class='ocr_par' dir='ltr' id='par_1_8' title="bbox 631 3509 2125 4120">
     <span class='ocr_line' id='line_1_26' title="bbox 633 3509 2125 3645; baseline -0.002 -37"><span class='ocrx_word' id='word_1_181' title='bbox 633 3516 856 3645; x_wconf 80' lang='lat' dir='ltr'>genitum</span> <span class='ocrx_word' id='word_1_182' title='bbox 888 3544 946 3609; x_wconf 83' lang='lat' dir='ltr'>ca</span> <span class='ocrx_word' id='word_1_183' title='bbox 983 3513 1101 3609; x_wconf 88' lang='lat' dir='ltr'>itae</span> <span class='ocrx_word' id='word_1_184' title='bbox 1131 3544 1224 3637; x_wconf 87' lang='lat' dir='ltr'>per</span> <span class='ocrx_word' id='word_1_185' title='bbox 1251 3512 1349 3632; x_wconf 89' lang='lat' dir='ltr'>hoc</span> <span class='ocrx_word' id='word_1_186' title='bbox 1379 3511 1532 3604; x_wconf 87' lang='lat' dir='ltr'>totius</span> <span class='ocrx_word' id='word_1_187' title='bbox 1558 3509 1784 3606; x_wconf 86' lang='lat' dir='ltr'>Poloniae</span> <span class='ocrx_word' id='word_1_188' title='bbox 1802 3513 2125 3623; x_wconf 85' lang='lat' dir='ltr'>Monarcluam</span> 
     </span>
     <span class='ocr_line' id='line_1_27' title="bbox 634 3624 2122 3768; baseline -0.006 -38"><span class='ocrx_word' id='word_1_189' title='bbox 634 3629 877 3749; x_wconf 87' lang='lat' dir='ltr'>obtinuit,</span> <span class='ocrx_word' id='word_1_190' title='bbox 981 3644 1001 3723; x_wconf 91' lang='lat' dir='ltr'>t</span> <span class='ocrx_word' id='word_1_191' title='bbox 1033 3628 1168 3761; x_wconf 77' lang='lat' dir='ltr'>quod</span> <span class='ocrx_word' id='word_1_192' title='bbox 1195 3624 1479 3768; x_wconf 72' lang='lat' dir='ltr'>,Gregorius</span> <span class='ocrx_word' id='word_1_193' title='bbox 1510 3658 1577 3752; x_wconf 88' lang='lat' dir='ltr'>pa</span> <span class='ocrx_word' id='word_1_194' title='bbox 1607 3638 1641 3765; x_wconf 29' lang='lat' dir='ltr'>‘a&#39;</span> <span class='ocrx_word' id='word_1_195' title='bbox 1686 3627 1896 3729; x_wconf 80' lang='lat' dir='ltr'>audiens</span> <span class='ocrx_word' id='word_1_196' title='bbox 1939 3630 2122 3732; x_wconf 87' lang='lat' dir='ltr'>duorum</span> 
     </span>
     <span class='ocr_line' id='line_1_28' title="bbox 633 3660 2122 3887; baseline -0.001 -44"><span class='ocrx_word' id='word_1_197' title='bbox 633 3747 1026 3887; x_wconf 81' lang='lat' dir='ltr'>Moguntinenlis</span> <span class='ocrx_word' id='word_1_198' title='bbox 1057 3761 1110 3842; x_wconf 88' lang='lat' dir='ltr'>et</span> <span class='ocrx_word' id='word_1_199' title='bbox 1136 3744 1524 3878; x_wconf 69' lang='lat' dir='ltr'>Colonienlraet</span> <span class='ocrx_word' id='word_1_200' title='bbox 1556 3660 1762 3841; x_wconf 72' lang='lat' dir='ltr'>allorum</span> <span class='ocrx_word' id='word_1_201' title='bbox 1805 3752 1858 3843; x_wconf 91' lang='lat' dir='ltr'>in</span> <span class='ocrx_word' id='word_1_202' title='bbox 1895 3750 2122 3869; x_wconf 80' lang='lat' dir='ltr'>dominum</span> 
     </span>
     <span class='ocr_line' id='line_1_29' title="bbox 633 3857 2120 4000; baseline -0.003 -42"><span class='ocrx_word' id='word_1_203' title='bbox 633 3864 705 3958; x_wconf 84' lang='lat' dir='ltr'>Ca</span> <span class='ocrx_word' id='word_1_204' title='bbox 741 3881 894 3963; x_wconf 84' lang='lat' dir='ltr'>uuum</span> <span class='ocrx_word' id='word_1_205' title='bbox 925 3866 1142 3992; x_wconf 85' lang='lat' dir='ltr'>legatum</span> <span class='ocrx_word' id='word_1_206' title='bbox 1175 3893 1449 3991; x_wconf 80' lang='lat' dir='ltr'>murmure,</span> <span class='ocrx_word' id='word_1_207' title='bbox 1491 3893 1584 4000; x_wconf 83' lang='lat' dir='ltr'>pro</span> <span class='ocrx_word' id='word_1_208' title='bbox 1621 3894 1682 3957; x_wconf 91' lang='lat' dir='ltr'>eo</span> <span class='ocrx_word' id='word_1_209' title='bbox 1723 3867 1852 3964; x_wconf 68' lang='lat' dir='ltr'>,uod</span> <span class='ocrx_word' id='word_1_210' title='bbox 1882 3869 1943 3964; x_wconf 84' lang='lat' dir='ltr'>lrc</span> <span class='ocrx_word' id='word_1_211' title='bbox 1982 3857 2120 3962; x_wconf 85' lang='lat' dir='ltr'>occul·</span> 
     </span>
     <span class='ocr_line' id='line_1_30' title="bbox 631 3895 2119 4120; baseline -0.001 -45"><span class='ocrx_word' id='word_1_212' title='bbox 631 3900 1021 4120; x_wconf 65' lang='lat' dir='ltr'>telludigerurn</span> <span class='ocrx_word' id='word_1_213' title='bbox 1041 3980 1322 4120; x_wconf 82' lang='lat' dir='ltr'>episcopum</span> <span class='ocrx_word' id='word_1_214' title='bbox 1341 3978 1686 4119; x_wconf 73' lang='lat' dir='ltr'>Patame&#39;niem</span> <span class='ocrx_word' id='word_1_215' title='bbox 1707 3895 1958 4108; x_wconf 74' lang='lat' dir='ltr'>deposuit,</span> <span class='ocrx_word' id='word_1_216' title='bbox 1986 3978 2119 4079; x_wconf 73' lang='lat' dir='ltr'>statut</span> 
     </span>
    </p>

    <p class='ocr_par' dir='ltr' id='par_1_9' title="bbox 550 4096 2116 4665">
     <span class='ocr_line' id='line_1_31' title="bbox 666 4096 2116 4225; baseline -0.002 -34"><span class='ocrx_word' id='word_1_217' title='bbox 666 4099 890 4197; x_wconf 85' lang='lat' dir='ltr'>raefatum</span> <span class='ocrx_word' id='word_1_218' title='bbox 923 4100 1204 4225; x_wconf 74' lang='lat' dir='ltr'>episcopum</span> <span class='ocrx_word' id='word_1_219' title='bbox 1235 4131 1287 4194; x_wconf 88' lang='lat' dir='ltr'>m</span> <span class='ocrx_word' id='word_1_220' title='bbox 1320 4096 1551 4193; x_wconf 84' lang='lat' dir='ltr'>iudrcrum</span> <span class='ocrx_word' id='word_1_221' title='bbox 1586 4102 1896 4207; x_wconf 88' lang='lat' dir='ltr'>euocandum</span> <span class='ocrx_word' id='word_1_222' title='bbox 1931 4101 1990 4199; x_wconf 87' lang='lat' dir='ltr'>de</span> <span class='ocrx_word' id='word_1_223' title='bbox 2022 4125 2116 4205; x_wconf 89' lang='lat' dir='ltr'>con·</span> 
     </span>
     <span class='ocr_line' id='line_1_32' title="bbox 630 4130 2116 4347; baseline -0.007 -36"><span class='ocrx_word' id='word_1_224' title='bbox 630 4130 732 4311; x_wconf 73' lang='lat' dir='ltr'>llio</span> <span class='ocrx_word' id='word_1_225' title='bbox 768 4216 978 4315; x_wconf 89' lang='lat' dir='ltr'>duorum</span> <span class='ocrx_word' id='word_1_226' title='bbox 1003 4216 1359 4329; x_wconf 88' lang='lat' dir='ltr'>Cardinalium,</span> <span class='ocrx_word' id='word_1_227' title='bbox 1391 4216 1711 4336; x_wconf 83' lang='lat' dir='ltr'>committitur</span> <span class='ocrx_word' id='word_1_228' title='bbox 1748 4251 1947 4347; x_wconf 90' lang='lat' dir='ltr'>quoque</span> <span class='ocrx_word' id='word_1_229' title='bbox 1989 4212 2116 4311; x_wconf 78' lang='lat' dir='ltr'>cautla</span> 
     </span>
     <span class='ocr_line' id='line_1_33' title="bbox 550 4331 2114 4459; baseline -0.002 -34"><span class='ocrx_word' id='word_1_230' title='bbox 550 4404 554 4411; x_wconf 85' lang='lat'><em>.</em></span> <span class='ocrx_word' id='word_1_231' title='bbox 624 4332 715 4429; x_wconf 84' lang='lat' dir='ltr'>¹iub</span> <span class='ocrx_word' id='word_1_232' title='bbox 756 4350 889 4439; x_wconf 81' lang='lat' dir='ltr'>certa</span> <span class='ocrx_word' id='word_1_233' title='bbox 918 4334 1085 4431; x_wconf 76' lang='lat' dir='ltr'>forma,</span> <span class='ocrx_word' id='word_1_234' title='bbox 1111 4337 1275 4443; x_wconf 85' lang='lat' dir='ltr'>eleeto</span> <span class='ocrx_word' id='word_1_235' title='bbox 1308 4332 1665 4459; x_wconf 75' lang='lat' dir='ltr'>Saltiburgenli</span> <span class='ocrx_word' id='word_1_236' title='bbox 1712 4338 1929 4454; x_wconf 41' lang='lat' dir='ltr'>domino,</span> <span class='ocrx_word' id='word_1_237' title='bbox 1957 4331 2114 4451; x_wconf 77' lang='lat' dir='ltr'>Philip·</span> 
     </span>
     <span class='ocr_line' id='line_1_34' title="bbox 629 4430 2111 4665; baseline -0.005 -121"><span class='ocrx_word' id='word_1_238' title='bbox 629 4479 698 4665; x_wconf 58' lang='lat' dir='ltr'>Eo</span> <span class='ocrx_word' id='word_1_239' title='bbox 723 4448 823 4545; x_wconf 85' lang='lat' dir='ltr'>lilio</span> <span class='ocrx_word' id='word_1_240' title='bbox 848 4450 985 4547; x_wconf 77' lang='lat' dir='ltr'>ducit</span> <span class='ocrx_word' id='word_1_241' title='bbox 1013 4450 1278 4550; x_wconf 82' lang='lat' dir='ltr'>Corinthiae</span> <span class='ocrx_word' id='word_1_242' title='bbox 1302 4430 1650 4589; x_wconf 69' lang='lat' dir='ltr'>quideiunqto</span> <span class='ocrx_word' id='word_1_243' title='bbox 1673 4432 1963 4568; x_wconf 79' lang='lat' dir='ltr'>Eberhardo</span> <span class='ocrx_word' id='word_1_244' title='bbox 1986 4448 2111 4547; x_wconf 77' lang='lat' dir='ltr'>Salta-</span> 
     </span>
    </p>

    <p class='ocr_par' dir='ltr' id='par_1_10' title="bbox 627 4566 2109 4821">
     <span class='ocr_line' id='line_1_35' title="bbox 665 4566 2109 4693; baseline -0.007 -30"><span class='ocrx_word' id='word_1_245' title='bbox 665 4566 850 4693; x_wconf 85' lang='lat' dir='ltr'>urgensr</span> <span class='ocrx_word' id='word_1_246' title='bbox 874 4600 964 4693; x_wconf 89' lang='lat' dir='ltr'>per</span> <span class='ocrx_word' id='word_1_247' title='bbox 982 4571 1249 4665; x_wconf 85' lang='lat' dir='ltr'>canonicos</span> <span class='ocrx_word' id='word_1_248' title='bbox 1273 4584 1324 4678; x_wconf 85' lang='lat' dir='ltr'>et</span> <span class='ocrx_word' id='word_1_249' title='bbox 1346 4566 1678 4674; x_wconf 82' lang='lat' dir='ltr'>mimst&#39;eriales</span> <span class='ocrx_word' id='word_1_250' title='bbox 1704 4568 1914 4684; x_wconf 76' lang='lat' dir='ltr'>ecclelae</span> <span class='ocrx_word' id='word_1_251' title='bbox 1939 4591 2109 4676; x_wconf 83' lang='lat' dir='ltr'>concor·</span> 
     </span>
     <span class='ocr_line' id='line_1_36' title="bbox 627 4684 2107 4821; baseline 0.004 -41"><span class='ocrx_word' id='word_1_252' title='bbox 627 4684 768 4821; x_wconf 68' lang='lat' dir='ltr'>diter?</span> <span class='ocrx_word' id='word_1_253' title='bbox 795 4684 984 4813; x_wconf 79' lang='lat' dir='ltr'>electus</span> <span class='ocrx_word' id='word_1_254' title='bbox 1020 4689 1276 4807; x_wconf 81' lang='lat' dir='ltr'>extiterat,</span> <span class='ocrx_word' id='word_1_255' title='bbox 1297 4696 1358 4785; x_wconf 91' lang='lat' dir='ltr'>et</span> <span class='ocrx_word' id='word_1_256' title='bbox 1378 4690 1501 4813; x_wconf 81' lang='lat' dir='ltr'>quia</span> <span class='ocrx_word' id='word_1_257' title='bbox 1526 4688 1641 4785; x_wconf 88' lang='lat' dir='ltr'>iuris</span> <span class='ocrx_word' id='word_1_258' title='bbox 1666 4689 1853 4815; x_wconf 81' lang='lat' dir='ltr'>peritus¹</span> <span class='ocrx_word' id='word_1_259' title='bbox 1876 4686 1977 4789; x_wconf 79' lang='lat' dir='ltr'>&#39;riou</span> <span class='ocrx_word' id='word_1_260' title='bbox 2003 4690 2107 4786; x_wconf 75' lang='lat' dir='ltr'>erat»</span> 
     </span>
    </p>

    <p class='ocr_par' dir='ltr' id='par_1_11' title="bbox 1954 4826 2059 4897">
     <span class='ocr_line' id='line_1_37' title="bbox 1954 4826 2059 4897; baseline -0.105 1"><span class='ocrx_word' id='word_1_261' title='bbox 1954 4826 2059 4897; x_wconf 82' lang='lat' dir='ltr'>aec</span> 
     </span>
    </p>
   </div>
   <div class='ocr_carea' id='block_1_7' title="bbox 0 0 2364 6050">
    <p class='ocr_par' dir='ltr' id='par_1_12' title="bbox 0 0 2364 6050">
     <span class='ocr_line' id='line_1_38' title="bbox 0 0 2364 6050; baseline 0 2"><span class='ocrx_word' id='word_1_262' title='bbox 0 0 2364 6050; x_wconf 95' lang='lat' dir='ltr'> </span> 
     </span>
    </p>
   </div>
  </div>
 </body>
</html>
