4717 6050
619 378 621 383 ι
715 544 723 557 ,
766 432 1023 569 tuuott
1050 436 1426 524 arenulae.
1733 472 1814 549 ²73
1985 384 1988 390 ’

118 663 125 672 ’
202 717 206 723 -
340 654 593 755 Murauie.
624 648 689 745 ad
714 651 932 777 quinque
959 678 1116 745 annos
1142 646 1484 748 eiicommiffa
1528 646 1661 744 etsie
1692 647 1860 745 adana
2167 747 2171 754 ,

339 774 495 869 iriam
520 770 665 893 redijt
686 800 796 865 cum
821 768 1085 893 triumpho.
1118 780 1252 859 tatus
1275 767 1461 864 etenim
1483 765 1644 861 clerus
1668 780 1718 860 et
1742 795 1863 861 eon·¹
1971 829 1978 837 -

340 891 663 1017 gregaciones
699 887 1037 1029 religiosorum
1071 883 1453 981 Wiennenfium.
1492 915 1601 979 eum
1635 884 1866 981 crucibus

244 1118 249 1126 ,
342 1023 394 1105 et
414 1007 609 1102 vexillis
643 1020 694 1101 et
723 1006 941 1131 rehquijs
978 1004 1025 1099 ei
1049 1017 1387 1097 occurrentes
1410 1032 1521 1095 cum
1540 1000 1721 1129 gaudio
1745 1030 1860 1095 eum

340 1138 649 1249 receperunt.
674 1122 943 1218 Cantantes
974 1175 1013 1197 ··
1044 1172 1085 1195 ··
1113 1172 1152 1195 ··
1181 1121 1302 1214 --in
1329 1122 1497 1247 ymnis
1532 1137 1583 1213 et
1605 1115 1867 1213 conscisio·
1975 1190 1982 1199 .

125 1242 129 1251 ’
240 1242 483 1339 suibus
521 1254 613 1335 ete.
698 1240 1010 1349 Rexautem
1045 1238 1274 1362 Vngarie.
1311 1238 1539 1361 utsupra
1572 1234 1758 1330 dictum
1794 1236 1860 1329 est

340 1390 452 1467 eum
477 1360 582 1452 iuis
617 1359 837 1467 reuersus
873 1354 943 1449 est'
974 1350 1038 1449 ad
1113 1356 1294 1493 ropria.
1333 1382 1426 1495 per
1458 1369 1620 1465 totum
1652 1384 1705 1464 re
1740 1378 1859 1445 num

134 1560 136 1570 ,
240 1592 242 1599 ,
339 1477 489 1575 suum.
519 1473 775 1578 mandauit
802 1473 935 1575 diem
966 1386 1220 1567 occiiionrs
1244 1503 1374 1596 regrs
1397 1470 1645 1567 bohemie.
1666 1382 1865 1565 toilemz

253 1628 255 1631 ·
334 1593 469 1691 niter
503 1591 756 1686 celebrari.
796 1622 889 1688 nec
961 1592 1044 1714 uip
1081 1594 1175 1683 iam
1209 1593 1377 1716 operis
1410 1586 1627 1684 faciendi
1651 1588 1738 1684 iila
1763 1585 1861 1689 die.
2013 1627 2015 1630 ·

335 1708 422 1802 uisi
458 1737 627 1803 coreas
654 1704 857 1804 eluceret
923 1622 998 1803 {x
1049 1708 1249 1835 peracio
1277 1712 1412 1802 enim
1430 1705 1702 1833 longiffima
1725 1706 1772 1801 vi
1809 1737 1867 1799 e··
1983 1723 1987 1729 ’

339 1826 427 1922 bat
463 1826 594 1919 inter
639 1852 740 1922 eas.
785 1841 837 1921 et
868 1826 961 1921 hee
1005 1827 1076 1921 eis
1113 1824 1217 1919 odii
1250 1824 1527 1920 fomentum
1562 1736 1860 1919 ministraiat

333 1944 357 2039 i
390 1944 436 2037 se
485 1944 616 2039 euim
658 1974 748 2038 rex
788 1942 1045 2040 Behemie.
1087 1972 1205 2035 cum·
1246 1946 1450 2067 antiquo
1477 1972 1609 2067 ‚rege
1641 1942 1857 2066 Vngarie

381 2062 472 2158 ela.
504 2060 755 2184 quondam
786 2090 897 2153 cum
920 2058 1268 2151 innumerabili
1291 2060 1510 2153 exercitu
1536 2072 1856 2184 pugnauerat.

339 2194 390 2271 et
412 2180 637 2302 quamuis·
660 2206 749 2271 rex
770 2175 908 2269 Bela
929 2178 979 2268 in
995 2174 1312 2269 estimabilem
1336 2177 1605 2269 exercitum
1638 2172 1870 2267 haberet„

336 2310 504 2389 tamen
530 2323 618 2384 rex
639 2292 871 2386 bohemie
897 2292 949 2383 in
974 2291 1176 2415 publico
1199 2291 1335 2386 bello
1357 2292 1542 2386 deuicit
1562 2321 1687 2386 eum.
1747 2288 1821 2385 Po
1885 2345 1889 2350 -

333 2423 547 2509 mortem
570 2439 691 2503 vero
715 2411 835 2502 eius:
863 2406 1075 2502 suecessit
1099 2410 1147 2504 ei
1169 2408 1455 2533 Stephanus
1474 2404 1600 2503 filius
1625 2410 1743 2502 eius.
1774 2408 1866 2532 qui·

230 2594 232 2599 ,
357 2525 576 2651 ¹ugnauit
611 2557 704 2649 pro
740 2557 824 2625 e0..
851 2536 962 2618 cum
989 2555 1088 2648 quo
1123 2525 1337 2634 [imiliter
1371 2558 1460 2624 rex
1481 2524 1735 2665 prediatus
1758 2521 1869 2653 Bo·-

334 2558 513 2739 Eemie.
532 2641 742 2735 Diuersa
773 2639 905 2740 bella
939 2644 1183 2735 exercuit„
1233 2643 1391 2736 Iacuit
1412 2671 1543 2755 enun
1565 2646 1616 2736 in
1634 2641 1878 2779 'Vngariafl

334 2772 567 2885 potenter
598 2788 713 2851 cum*
732 2758 925 2881 ingenti
951 2760 1184 2859 exercitu.
1211 2760 1486 2883 etcopiose
1510 2759 1657 2853 nimis
1681 2755 1856 2853 drebus

332 2874 514 2971 multis.
546 2872 683 2998 quod
712 2874 777 2967 ab
808 2875 910 2965 anti
949 2875 1026 2979 uis
1059 2875 1386 2999 temporibus
1411 2880 1559 3015 usque
1584 2876 1633 2968 iu
1657 2874 1866 2971 hodien-

209 3031 212 3039 ¹
333 3023 451 3088 num
471 2991 627 3111 Diem
651 3022 815 3121 neque
837 2993 888 3084 in
913 2904 1150 3088 ironicis.
1183 3022 1277 3087 nec
1307 2993 1360 3087 in
1391 2992 1737 3122 gestis-regum
1772 2992 1857 3089 uel

333 3113 687 3235 imperatorum
710 3110 892 3232 legitur
914 3111 1011 3205 hoe
1035 3109 1220 3214 factum
1246 3109 1395 3205 fuiffe.
1439 3109 1755 3222 Postmodum
1778 3143 1863 3206 ca·

106 3317 109 3324 .
334 3227 425 3323 stra
456 3227 586 3349 regis
619 3227 857 3350 Vngariet
881 3227 934 3318 in
964 3226 1178 3320 confinio
1210 3227 1293 3319 fita
1323 3227 1492 3320 austrie
1517 3227 1785 3321 Destruxit-
1805 3241 1861 3324 et

17 3445 22 3455 ,
182 3454 186 3460 ,
335 3341 841 3441 funditussubuertit.
882 3343 952 3434 ita
991 3341 1129 3466 quod
1162 3373 1268 3436 non
1302 3343 1529 3457 remansit
1552 3345 1679 3469 lapis
1709 3344 1865 3469 super

237 3481 240 3491 '
333 3459 576 3586 lapidem„
639 3456 764 3551 Item
799 3457 868 3551 sui
901 3458 1130 3562 homines
1163 3474 1411 3554 nocturno
1438 3471 1678 3585 tempore.
1702 3459 1864 3556 Boio*
2003 3557 2009 3570 ,

333 3582 472 3674 nium
509 3573 981 3669 castrumvialenter
1004 3574 1349 3684 obtinuerunt..
1376 3575 1625 3672 ciuitatem
1648 3578 1866 3676 flammis·-

333 3691 703 3816 iuccenderunt.
736 3693 806 3786 ita
830 3691 965 3818 quod
989 3697 1123 3788 ciues
1155 3710 1207 3788 et
1228 3723 1422 3788 uxores.
1459 3726 1517 3789 ae
1551 3693 1650 3787 filie
1681 3725 1854 3788 eorum
1920 3746 1926 3758 .

336 3829 386 3908 et
406 3812 502 3906 alie
517 3795 748 3906 mulieres
770 3812 854 3907 vix
876 3812 1083 3937 arreptis
1095 3811 1283 3935 pallijsa
1294 3811 1505 3949 quedam
1522 3811 1732 3932 camisrjs.
1755 3810 1862 3907 ‘alie
2031 3847 2035 3853 ’

333 3928 676 4053 uero‘peplisa
696 3927 778 4023 uel
811 3927 930 4052 quid
966 3927 1052 4022 uid
1084 3960 1173 4053 pre
1206 3929 1431 4023 manibus
1463 3930 1687 4024 inuenire
1710 3942 1861 4053 pote-r

331 4060 456 4142 rant.
482 4042 694 4170 quedam
720 4073 841 4138 vero
864 4046 945 4138 nic
982 4046 1030 4140 ils
1063 4073 1238 4141 omues
1262 4046 1321 4140 sie
1344 4046 1406 4141 ad
1421 4045 1621 4141 domum
1645 4045 1859 4154 fratrum-

281 4255 288 4270 ,
333 4166 579 4258 minorum
611 4159 952 4301 confugerunt.
985 4177 1037 4256 et
1066 4195 1212 4288 quam
1249 4163 1540 4264 luresnude
1573 4165 1715 4288 super
1742 4161 1863 4256 nra-1

332 4283 464 4373 mine
490 4293 598 4374 tota
622 4279 702 4372 die
720 4279 790 4373 ib1
811 4279 1063 4375 sederunt..
1102 4283 1200 4408 Epi
1221 4312 1399 4407 copum
1417 4284 1564 4375 etiam
1579 4277 1851 4380 Gearinum

277 4395 677 4520 ›·†(;⁴Iauriuetyem)
710 4399 769 4490 inx
793 4399 996 4522 proprio
1031 4397 1208 4494 castro..
1231 4414 1498 4524 ceperunt,
1521 4412 1574 4492 et
1598 4399 1858 4493 ciuitatem
2026 4477 2029 4480 .
2124 4478 2162 4508 ,,
2228 4471 2232 4479 .

287 4609 290 4614 ,
333 4513 528 4640 potenti
550 4539 698 4608 manu
722 4514 1053 4612 obtinuerunt.
1088 4519 1105 4612 i
1142 4519 1243 4614 sum
1266 4549 1465 4642 quoque
1489 4517 1772 4642 epiicopum
1799 4517 1861 4609 im
2190 4534 2195 4542 ’

333 4627 542 4724 vinculis
574 4630 667 4726 suis
698 4631 804 4726 Diu
837 4635 1085 4758 captiuum
1107 4551 1483 4730 ffietinuerunt
1542 4631 1661 4728 Non
1693 4631 1862 4726 multa

334 4743 441 4882 post
468 4749 734 4849 nitrensem
764 4751 1097 4880 episcopatum
1133 4751 1500 4859 destruxerunt-s
1512 4767 1572 4850 et
1597 4747 1859 4848 conbusta
1906 4851 1912 4858 ,

402 4868 502 4965 Vol..
517 4869 596 4964 IL
901 4899 904 4906 ⁴
1061 4869 1207 5020 Mna
1659 4880 1800 4967 runt
