4717 6050
663 361 755 520 aa
1025 425 1096 502 ur
1147 369 1779 500 scnnrrovrrr

633 623 755 722 enlls
786 624 1044 764 episcopus
1073 625 1273 740 salutem
1308 623 1496 718 cunctis
1527 617 1805 718 Christianae
1836 615 1951 716 lldei
1990 624 2135 719 culto·

540 755 548 768 '
632 743 780 838 ribus
840 739 1166 867 Cupientibus
1197 739 1383 866 aliquid
1412 771 1507 866 pro
1534 737 1757 834 remedio
1779 739 2136 836 anirnaenollrae

633 859 697 954 ad
728 859 967 957 utilitates
999 890 1284 956 communes
1317 855 1524 952 efficere.
1584 855 1721 953 Nihil
1760 855 1906 950 nobis
1947 855 2134 952 videba-

633 992 714 1071 tur
754 978 919 1072 vtilius
962 1007 1110 1103 quam
1151 975 1369 1070 Patauiae
1411 973 1475 1067 ad
1518 989 1725 1099 pontem
1767 975 1900 1068 Oeni
1938 973 2139 1070 fluminis

632 1092 785 1189 Cuius
816 1095 1131 1188 vehementia
1158 1093 1261 1186 illic
1293 1093 1531 1217 plurimos
1576 1091 1804 1186 homiues
1850 1099 1981 1198 cum)
1999 1093 2136 1186 rebus

632 1211 767 1304 simul
798 1225 850 1305 et
878 1213 1099 1334 personis
1130 1211 1225 1306 suis
1257 1207 1534 1304 audiuimus
1558 1225 1610 1304 et
1631 1208 1757 1333 saepe
1782 1206 2001 1306 vidimus*
2020 1213 2138 1334 peri·

633 1325 815 1422 clitasse
849 1344 1055 1454 pontem
1086 1343 1540 1452 transponeremus.
1597 1323 1721 1420 Cum
1751 1328 1920 1451 itaq-ue
1941 1323 2009 1419 de
2028 1357 2149 1448 prae-

634 1443 754 1539 dicti
783 1445 994 1538 fluminis
1104 1459 1206 1558 ctu,
1248 1442 1515 1537 Canonicis
1555 1443 1859 1568 regularibus
1904 1445 1959 1535 in
1998 1439 2142 1538 domo

633 1561 770 1656 beati
797 1560 993 1657 Nicolai
1061 1593 1122 1657 eo
1154 1559 1533 1674 famulantibus,
1591 1559 1656 1654 ad
1679 1575 1995 1685 augmentum
2028 1592 2147 1683 praa·

634 1675 814 1772 bendae
845 1679 966 1793 suae,
995 1677 1256 1804 vectigalia
1285 1680 1463 1889 nauipij
1495 1679 1859 1804 persoluantur‚
1890 1675 1954 1770 ad
1977 1707 2148 1800 pecca·

634 1810 739 1888 tum
768 1825 890 1890 vero
920 1797 1066 1891 nobis
1095 1811 1378 1890 meteuntes
1421 1830 1433 1890 ι
1467 1811 1624 1918 ponte
1655 1791 1927 1889 constructo
1972 1795 2146 1901 vtilita

635 1926 712 2005 tes
744 1943 917 2006 eorum
948 1945 1162 2033 per-nos
1193 1917 1244 2008 iu
1287 1913 1531 2038 aliquibus
1575 1912 1750 2008 cessare
1796 1927 1879 2005 aut
1923 1910 1984 2005 de
2021 1915 2150 2010 erire

635 2027 903 2143 deberent,
951 2035 969 2125 i
1006 2030 1061 2125 srs
1091 2033 1144 2126 in
1173 2032 1678 2156 recompensationem
1726 2027 1860 2125 nauli
1903 1943 2150 2126 ecclesiam

626 2143 697 2240 de
731 2064 1003 2244 Hartkircll
1018 2151 1228 2362 perenni
1248 2151 1353 2242 iure
1376 2147 1703 2262 contulimus,
1735 2161 1787 2239 et
1806 2161 1922 2240 tunc
1950 2145 2152 2241 demum

630 2278 842 2474 pontem
882 2269 1019 2361 omni
1056 2301 1114 2363 us
1141 2266 1376 2378 liberum,
1417 2265 1643 2359 omnibus
1675 2267 1728 2359 in
1765 2294 1878 2357 eum
1908 2263 2003 2358 line
2038 2293 2149 2358 een-

653 2411 685 2472 u
716 2384 1145 2499 transmeabilem,
1192 2383 1293 2478 deo
1331 2397 1381 2476 et
1420 2381 1638 2476 fidelium
1677 2383 1871 2476 suorum
1913 2411 2153 2504 coopera-

633 2499 773 2592 tione
804 2499 1156 2596 conllruximus
1187 2502 1238 2593 in
1284 2499 1500 2626 processu
1542 2500 1683 2624 parui
1722 2501 1985 2622 temporis..
2016 2499 2155 2604 secur

633 2614 790 2740 ipsum
817 2634 1025 2741 pontem
1055 2618 1263 2744 Asylum
1281 2617 1604 2744 pauperibus,
1634 2618 2153 2742 peregrinis-recepta·

634 2731 801 2826 culum
829 2736 1012 2830 iterum
1048 2753 1254 2832 aeternae·
1288 2734 1625 2829 retributionis
1668 2764 1834 2829 aurore
1875 2733 2154 2828 locauimus

632 2846 813 2943 eodem
843 2854 895 2945 in
925 2855 1048 2947 loco
1072 2851 1323 2948 Basilicam
1354 2849 1650 2944 aedificantes
1682 2849 1910 2946 dotatam
1935 2850 2082 2944 bonis
2101 2855 2156 2944 iu

632 2963 961 3063 Thontabele·
986 2969 1105 3082 sitis,
1147 2970 1369 3062 etunius
1400 2967 1676 3074 molendini
1714 2967 1859 3081 loco,
1908 2970 1958 3063 in
1990 2969 2155 3064 bono·

631 3111 738 3174 rem
767 3084 1160 3179 victoriosissimae
1188 3086 1342 3179 crucis
1373 3082 1543 3182 Christi
1567 3085 1986 3201 consecrauimus,
2010 3083 2190 3181 deni-f

669 3227 730 3290 ue
762 3214 816 3291 vt
846 3200 996 3295 essent
1024 3204 1443 3327 aliquisumptus,
1475 3202 1658 3325 quibus,
1682 3235 1812 3329 pons
1843 3200 2149 3329 quandoque

669 3316 732 3408 ‘a
769 3315 849 3411 sus¹
874 3322 1115 3459 reparari,
1148 3318 1331 3447 quibus
1355 3320 1501 3413 etiam
1535 3350 1778 3446 pauperes
1808 3323 1860 3415 in
1899 3320 1987 3414 illo
2028 3320 2152 3415 loco

631 3449 684 3531 et
714 3347 987 3533 ‹lluerlono
1050 3439 1269 3531 rocurari‘
1297 3436 1496 3575 pollent.
1561 3440 1746 3532 Amore
1779 3438 1860 3536 dei
1904 3436 2035 3569 duas
2069 3468 2156 3533 ec·
2253 3390 2256 3529 l

630 3552 804 3649 clesras-
826 3584 974 3649 vnam
1065 3552 1488 3655 undselescbkrrch
1520 3556 1741 3649 Alteram
1783 3554 1954 3650 Sancti
1995 3554 2155 3651 Seue·

628 3671 725 3767 riui
754 3667 819 3763 ad
848 3684 1114 3799 utrumque
1139 3702 1275 3797 opus·
1296 3668 1540 3767 [latuimus
1619 3674 1842 3769 ertinere·
1874 3672 2158 3769 decerneu·
2255 3686 2256 3697 '

470 3884 474 3887 ,
552 3881 558 3893 ,
630 3804 706 3882 tes
739 3789 854 3882 riro¹
879 3789 962 3885 vni
992 3789 1191 3884 strenuo
1216 3786 1455 3883 duntaxat
1486 3820 1541 3883 ac
1573 3703 1706 3884 sdeli
1739 3820 1912 3885 curam:
1936 3807 1990 3885 st
2031 3822 2156 3917 pro·
2248 3712 2256 3901 l

466 3963 468 3967 .
545 3992 549 3997 .
630 3904 867 4001 uifionem
894 3907 1146 4032 Vtriusque
1178 3907 1345 4032 pontis
1376 3903 1696 4001 videlicet'ac
1727 3906 1988 4033 hospitalis
2013 3940 2155 4003 com*

629 4023 765 4117 mitti.
787 4020 1006 4138 debere,
1030 4023 1147 4117 licut
1176 4038 1227 4119 et
1255 4052 1354 4121 nos·
1379 4052 1411 4115 a
1437 4024 1694 4164 principio
1714 4023 1954 4121 facientes
1995 4024 2152 4120 Vdal-

628 4142 739 4235 rico
762 4138 1007 4236 sacerdoti
1036 4136 1262 4254 cuidam,
1289 4142 1425 4234 cuius
1456 4140 1713 4239 sedulrtate
1744 4144 1794 4237 in
1828 4174 1980 4268 opere
2013 4158 2154 4238 vtro.-

664 4288 727 4351 ue
756 4258 1037 4381 plurimum·
1063 4258 1218 4352 adiuti
1256 4256 1467 4373 luimus,
1523 4275 1779 4387 utrumque
1825 4265 1972 4363 etiam
2014 4294 2155 4385 opus

628 4288 841 4470 sdeliter
876 4372 1275 4501 promouendum
1316 4404 1431 4469 cum
1469 4375 1718 4503 praedicto
1759 4376 1955 4475 redditu
1995 4379 2156 4474 tradi,

625 4492 787 4587 dimus
800 4562 821 4607 ,.
878 4492 1107 4589 omnibus
1152 4522 1271 4619 ergo
1313 4523 1376 4587 ex
1406 4490 1540 4586 bona
1571 4494 1840 4593 voluntate:
1862 4494 2158 4595 huiusmodi

503 4656 509 4665 ·
626 4612 840 4735 incepto.
863 4641 1035 4706 omnes
1068 4608 1384 4710 eleemosnas
1416 4608 1783 4729 adiicientibus,
1862 4634 2158 4713 eccatorum

623 4730 828 4849 morum.
849 4726 1206 4858 indulgentiam
1219 4734 1245 4851 ,ζ
1267 4744 1319 4829 et
1349 4742 1593 4829 aeternam
1607 4730 1744 4832 iustis
1764 4646 1980 4843 debitam
2002 4754 2156 4857 opta.-

1624 4894 1629 4901 ·
1973 4885 2099 4953 mua
