4717 6050
592 391 637 460 ιε
998 366 1030 444 1.
1082 359 1591 448 RATIONARIVM

536 573 742 700 Canapi.
774 585 837 664 et.
859 571 943 668 xii.
959 582 1204 665 metretas
1220 567 1353 696 hyle.
1384 585 1450 665 et.
1469 571 1551 665 xii.
1574 534 1780 668 Sclioet.
1806 585 1871 667 et.
1889 575 2051 676 mvi.
2167 634 2174 645 ·

533 691 718 819 pullos.
777 687 879 784 Pro
904 685 1326 813 vischpfenninge.
1356 688 1506 784 xxiiii.
1528 686 1773 784 denarios.
2066 729 2071 734 ·

651 809 708 902 In
746 803 993 902 Motfidel.
1023 835 1179 906 vnum
1213 803 1510 902 beneficium
1544 805 1702 910 soluit.
1732 805 1789 902 L.
1822 800 2053 917 denarios

531 945 586 1024 et
609 923 840 1021 Modium
862 923 1025 1018 tritici.
1058 935 1109 1017 et
1134 920 1366 1020 Medium
1389 953 1562 1020 avene.
1593 940 1646 1046 et
1680 938 2051 1054 metretampa·

532 1045 746 1176 paueris.
779 1057 831 1137 et
859 1071 1067 1168 porcum
1098 1041 1194 1136 uel.
1225 1072 1338 1136 xxx
1373 1039 1618 1138 denarios.
1649 1057 1713 1138 et.
1747 1073 1825 1137 xv.
1861 1041 2055 1141 Caseos.

535 1181 599 1260 et.
625 1165 654 1257 i.
679 1160 881 1256 Schoet.
913 1176 976 1254 et.
999 1160 1046 1253 ii.
1104 1158 1249 1256 ullos.
1282 1173 1346 1256 et.
1374 1191 1420 1254 x.
1442 1156 1687 1256 denarios.
1710 1158 1776 1255 ad
1799 1159 2051 1274 weinfver.

395 1315 402 1324 ·
594 1281 652 1375 [n
679 1277 995 1418 Grvenpach.
1020 1279 1050 1376 i.
1066 1189 1369 1372 flenelicium
1394 1275 1551 1373 soluit.
1581 1310 1694 1373 xxx.
1717 1277 1960 1376 denarios.
2002 1294 2058 1375 et.

533 1395 765 1496 Modium
785 1395 1018 1535 Siliginis.
1051 1409 1115 1490 et.
1134 1396 1164 1488 i.
1198 1409 1250 1489 et
1273 1392 1530 1512 dimidium
1552 1393 1785 1491 Modium
1804 1427 1978 1495 avene.
2003 1410 2070 1522 et

533 1545 755 1646 porcum.
787 1529 852 1610 et.
884 1514 967 1634 1iij.
1002 1508 1196 1608 Caseos.
1236 1526 1299 1607 et.
1329 1511 1359 1604 i.
1389 1527 1652 1608 metretam
1686 1513 1887 1641 Canapi.
1930 1514 2054 1612 eti.

534 1649 795 1730 metretam
815 1629 932 1727 bite.
961 1660 1054 1757 pro
1076 1627 1321 1728 weiniver
1350 1642 1402 1755 et
1431 1629 1775 1754 pvrchwerch.
1803 1634 1886 1728 xii.
1904 1630 2054 1726 dena·

456 1819 461 1824 -
499 1764 503 1772 '
535 1756 651 1850 rios.
683 1765 735 1847 et
765 1749 998 1845 anserem.
1031 1761 1106 1844 et.
1128 1748 1176 1844 ii.
1208 1748 1389 1874 pullos.
1489 1749 1613 1843 Item
1645 1746 1708 1843 de
1740 1747 2054 1846 Molendino.

536 1867 795 1968 dimidium
825 1867 1082 2006 talentum.
1123 1881 1177 1962 et
1206 1896 1428 2005 porcam.
1469 1864 1566 1960 vel.
1599 1866 1666 1963 lx.
1698 1864 1932 2005 denarios
1994 1897 2056 2006 ro

535 1981 2059 2240 tattrtttrpttll..titttltttrttl.litai.

468 2252 470 2260 ·
535 2223 619 2320 vel
648 2221 746 2316 xlv.
774 2220 1020 2316 denarios.
1051 2251 1118 2314 vr.
1142 2221 1350 2314 anseres.
1383 2234 1448 2314 et.
1469 2221 1551 2314 x1i
1571 2219 1753 2346 pullos.

655 2339 714 2433 ln
738 2337 1053 2463 Holenpach.
1086 2339 1117 2430 i.
1143 2351 1197 2431 et
1222 2335 1480 2431 dimidium
1505 2336 1814 2433 beneficium.
1845 2337 2059 2434 solvunt.
2187 2281 2191 2284 ᾔ
2328 2442 2335 2453 ,

432 2569 443 2576 ,
538 2459 605 2552 xl.
626 2455 881 2550 denarios.
914 2469 966 2546 et
995 2458 1027 2547 i.
1059 2469 1113 2546 et
1136 2451 1394 2545 dimidium
1415 2451 1649 2547 Modium
1669 2454 1903 2581 Siliginis.
1936 2470 2002 2550 et.
2020 2457 2054 2550 i.

541 2590 592 2669 et
626 2567 882 2664 dimidium
913 2566 1146 2663 Modium
1179 2596 1363 2661 avene.
1399 2580 1463 2660 et.
1494 2601 1574 2665 xv.
1609 2567 1804 2667 Caseos.
1845 2586 1910 2668 et.
1941 2573 1972 2666 i.
2004 2589 2057 2670 et

540 2685 1068 2785 dimidiammetretam
1080 2683 1358 2812 papaueris.
1380 2697 1446 2777 et.
1467 2685 1499 2778 i.
1524 2701 1575 2781 et
1589 2684 2083 2795 dinridiumSehoet,

546 2820 613 2904 et.
636 2805 718 2900 vii.
777 2802 925 2899 ullos.
1022 2832 1081 2898 ro
1103 2797 1361 2898 weinfver.
1384 2803 1534 2898 xxvii.
1558 2804 1806 2924 denarios.
2017 2885 2023 2894 .
2156 2879 2159 2883 -

659 2922 718 3020 In
826 2835 1080 3017 ersendgrf
1108 2917 1258 3014 Curia
1287 2917 1520 3024 villicalis
1550 2922 1744 3017 colitur
1772 2953 1864 3051 pro
1903 2927 2058 3022 tercia

539 3057 699 3173 parte.
729 3044 776 3139 v'
823 3042 925 3136 ’cus
987 3066 1174 3135 orcum.
1205 3036 1287 3136 vel
1313 3036 1412 3133 xlv.
1448 3034 1655 3136 denario

538 3190 635 3259 res.
668 3174 733 3257 et.
757 3163 841 3257 xii.
898 3190 929 3253 u
972 3192 1042 3257 os.
1190 3237 1194 3245 .
1878 3241 1882 3249 .

441 3372 444 3382 .
661 3278 722 3375 In
743 3277 839 3375 Mo
878 3278 979 3375 rdel
1005 3275 1159 3406 Curia
1177 3277 1404 3375 villicalis
1432 3276 1623 3374 colitur.
1653 3310 1746 3407 pro
1771 3283 1926 3377 tercia
1947 3311 2056 3409 par·

540 3410 593 3494 te
612 3394 828 3501 villicus.
859 3396 923 3495 vi.
947 3397 1155 3496 ansere&
1186 3410 1251 3492 et.
1273 3398 1356 3491 xii.
1377 3395 1560 3522 pullos.
1643 3480 1645 3486 .

659 3512 720 3611 In
742 3511 1133 3611 Cemmerndorf.
1163 3512 1394 3612 villicalis
1428 3510 1577 3607 Curia
1603 3509 1736 3609 illius
1767 3530 1915 3641 prant
1939 3515 2056 3613 coli·

540 3645 623 3733 tur
653 3628 876 3729 totaliter
903 3633 1052 3729 Duci.
1084 3648 1136 3729 et
1170 3631 1329 3728 soluit.
1360 3662 1407 3725 x.
1436 3643 1670 3725 metretas
1740 3636 1977 3758 apaueria
2007 3647 2060 3730 et

541 3748 799 3849 dimidium
831 3748 1064 3851 Modium
1098 3749 1214 3876 pile.
1247 3764 1299 3847 et
1328 3664 1775 3887 porcum-vellit
1812 3747 2067 3848 denarios.

540 3882 608 4009 et.
636 3871 697 3965 iii.
723 3866 1119 4079 lSleitrrilchinge.
1152 3867 1248 3969 vel.
1273 3865 1372 3965 xlv.
1398 3864 1643 3963 denarios.
1672 3868 1735 3975 vi.
1766 3868 1959 3963 anseres
1990 3882 2056 3963 et.

539 4010 623 4085 m
689 4014 723 4079 u
763 4016 835 4083 os.
1414 4032 1419 4038 ·
1897 4021 1901 4030 ·

752 4102 1194 4234 Doberneinsperg
1230 4104 1282 4201 in
1315 4098 1442 4199 foro.
1481 4098 1626 4227 xlviii.
1664 4130 1791 4198 aree.
1857 4099 2055 4204 uelibet.

539 4217 623 4320 xii.
645 4216 896 4323 denarios·
929 4237 980 4319 et
1012 4220 1075 4318 de
1100 4219 1417 4320 Molendin0.
1447 4218 1757 4315 italentum.
1818 4132 2072 4337 ludicium

538 4332 742 4441 ibrdem.
773 4370 851 4440 xx.
873 4340 1074 4439 talenta.
1695 4377 1698 4382 >

659 4456 718 4557 In
742 4454 872 4557 Ratz
904 4458 955 4555 in
988 4454 1115 4555 foro.
1145 4456 1230 4555 lxi
1260 4484 1389 4552 aree.
1454 4450 1643 4549 uelibet
1675 4450 1832 4550 soluit.
1861 4455 1945 4549 xii.
1974 4448 2058 4550 de·

542 4576 724 4675 aerior.
755 4570 819 4677 de
839 4577 969 4718 agris
991 4574 1191 4674 ibidem.
1212 4608 1294 4679 xv.
1314 4572 1406 4673 soli
1443 4602 1500 4669 os
1527 4586 1715 4698 preter.
1732 4572 1798 4674 vi.
1815 4568 2060 4668 denarios.
2135 4660 2141 4667 .

541 4689 607 4793 de
629 4690 947 4895 Malendurv.
978 4694 1008 4793 i.
1032 4692 1291 4795 talentum.
1351 4687 1605 4809 Iudicium.
1626 4689 1739 4789 xxii
1762 4688 1999 4900 talentlaje

1657 3072 1695 3136 a
1727 3058 1792 3139 et.
1826 3044 1889 3140 vi.
1924 3045 2056 3141 anse-

1652 3162 1656 3170 ι
