4717 6050
261 1220 268 1226 .
444 1229 448 1235 ,
634 1133 897 1231 Heinricus
919 1163 1078 1257 pruno
1101 1130 1202 1225 dux
1220 1130 1437 1227 bawarie
1457 1128 1766 1255 postmodum
1789 1133 2102 1347 imperator?

529 505 532 525 .
682 476 755 552 μ’,
1029 450 1085 539 u.
1138 434 1778 540 uaauaaoritonrcr

635 682 813 789 proco
846 658 988 787 quod
1020 662 1187 787 prelijs
1221 662 1403 755 multos
1432 656 1648 787 populos
1679 660 2001 791 subiugasseut
2055 663 2145 765 Ve-

634 797 910 875 rumtamen
941 811 1032 905 per
1065 812 1214 919 quem
1252 779 1335 873 vel
1369 779 1421 873 in
1457 811 1604 917 quem
1638 778 1745 904 post
1775 781 1984 877 surrexit
2011 784 2147 883 huius

604 1000 606 1007 ,
634 900 893 1045 provincie
926 899 1234 1029 *princrpatus
1271 925 1375 990 non
1404 895 1516 990 satus
1545 899 1598 987 in
1634 900 1844 992 cronicis
1880 898 2146 998 declaratur

538 1090 543 1097 .
632 1016 780 1139 usque
817 1012 881 1107 ad
911 1028 1140 1152 tempora
1158 1014 1490 1137 -tmpecatoris
1525 1014 1748 1108 Heinrici
1815 1016 1902 1109 Iste
1939 1049 2144 1165 namque

631 1254 754 1348 licet
779 1250 895 1344 esset
913 1250 1025 1373 pius
1049 1248 1247 1343 humilis
1279 1262 1329 1341 et
1352 1249 1631 1341 mansuetus
1662 1263 1716 1341 vt
1748 1250 1801 1341 in
1832 1250 2046 1379 legenda
2092 1282 2146 1348 ua
2198 1256 2202 1263 ’

637 1398 700 1467 cx
724 1367 819 1459 fine
842 1368 942 1459 vite
965 1366 1127 1459 sancte
1148 1379 1289 1491 patet
1309 1362 1754 1459 Resistentemtunc
1768 1368 1983 1505 Imperio
1998 1368 2144 1463 Hein-

633 1490 790 1582 ricum
816 1484 1159 1579 Marchionem
1186 1480 1473 1605 Ostrogocie
1499 1481 1584 1576 vel
1618 1483 1872 1578 orientalis
1903 1500 1959 1579 vt
1993 1516 2055 1579 ex
2085 1490 2161 1579 s··

632 1601 902 1745 quentibus
922 1603 973 1693 in
992 1603 1193 1703 venitur
1212 1598 1486 1722 subiugauit
1509 1600 1637 1692 circa
1661 1630 1844 1695 annum
1870 1598 2060 1696 domini
2081 1602 2142 1699 M

635 1724 699 1843 i1j.
761 1719 919 1813 Huius
943 1718 1163 1810 Hainrici
1184 1714 1278 1808 srue
1300 1718 1429 1841 regis
1464 1715 1559 1810 siue
1593 1716 1902 1812 Marchionis
1931 1734 2143 1845 tempore

633 1838 961 1953 martirizatus
981 1834 1047 1947 esi
1066 1835 1270 1926 sanctus
1304 1832 1573 1927 Colmanus
1606 1834 1665 1927 In
1698 1833 1992 1932 Stockeraw
2023 1866 2142 1930 anno

638 1954 828 2050 domini
853 1950 924 2044 M.
944 1954 1026 2067 xij.
1046 1951 1130 2044 sub
1167 1949 1418 2044 bonifacio
1450 1981 1581 2075 papa
1614 1965 1666 2044 et
1690 1952 1931 2076 episeopo
1966 1954 2142 2047 Pataui·

633 2070 733 2168 ensr
760 2066 1015 2162 christiano
1050 2067 1184 2191 ¹‚Hijs
1208 2081 1310 2161 tem
1350 2066 1516 2161 oribus
1543 2066 1739 2161 videtur
1767 2068 1967 2163 abbatia
2000 2070 2143 2165 nostra

637 2187 822 2285 uacasse
868 2185 993 2279 Item
1033 2183 1256 2324 magister
1339 2184 1509 2279 otkers
1539 2184 1706 2279 floruit
1775 2187 1889 2279 Hoc
1920 2187 2140 2295 Haimico

637 2319 836 2402 mortuo
865 2301 1078 2396 succellit
1097 2334 1143 2397 et
1162 2301 1399 2396 Albertus
1419 2302 1508 2395 sub
1528 2305 1727 2428 agapito
1749 2333 1893 2428 papa.
2073 2314 2076 2319 ’
2110 2325 2128 2344 ··

758 2420 831 2516 M.
843 2420 943 2536 xiij.
973 2419 1209 2513 Albcrtus
1232 2418 1453 2512 marchio
1484 2420 1738 2514 orientalis
1766 2423 2030 2516 maximam
2051 2450 2142 2544 pan

462 2598 463 2608 κ
543 2636 550 2645 ,
638 2557 742 2636 tem
774 2540 969 2633 Ouonis
1000 2539 1129 2663 regis
1160 2538 1374 2663 ungarie·
1393 2566 1492 2630 vna
1525 2568 1636 2631 cum
1661 2538 1746 2631 suo
1781 2536 1882 2631 lilio
1917 2535 2139 2665 leopoldo

638 2644 726 2754 sub
758 2656 994 2792 Heinrico
1025 2683 1142 2779 rege
1165 2653 1442 2863 Erolbauit
1747 2756 1752 2763 ⁵

655 2806 659 2813 ’
759 2770 957 2867 idriis.
990 2771 1162 2895 leopol
1201 2802 1257 2865 us
1287 2769 1415 2863 filius
1447 2771 1625 2865 alberti
1654 2772 1872 2866 moritur.

761 2888 876 3030 llll.
907 2805 1134 2983 rlndreas
1154 2918 1245 2984 rex
1264 2888 1475 3029 'ungarie
1506 2886 1611 3026 poll
1641 2890 1844 3027 Petrum
1874 2894 1930 2985 et
1949 2886 2140 3029 albertus

479 3081 483 3092 .
639 3008 860 3130 marchio
881 3005 1170 3104 federantur
1211 3006 1317 3102 His
1345 3004 1653 3130 temporibus
1673 3005 1941 3103 Swrcerse
1976 3008 2065 3102 rsco
2096 3024 2141 3099 us

642 3039 1497 3262 bawenbergenlispapaelllcituret
1516 3123 1902 3262 leoappellatur.
1938 3039 2141 3220 llemdn·

353 3321 360 3332 .
470 3339 472 3342 ,
642 3245 910 3458 fielwertus
944 3241 1201 3379 eprscopus
1231 3241 1356 3334 sedit
1385 3242 1700 3365 patauiequr
1739 3241 1955 3337 nostrum
1993 3270 2137 3335 mona·

645 3595 803 3690 masse.
879 3659 880 3664 κ

682 3366 835 3456 crium
867 3357 1104 3452 dedicasse
1137 3373 1189 3496 et
1218 3389 1310 3484 per
1339 3359 1644 3568 eonserffens
1676 3359 1971 3484 intelligitur
1997 3357 2137 3456 Abba·

645 3497 747 3576 tem
801 3474 1112 3570 Gerhardnm
1150 3506 1216 3574 ,m
1256 3475 1327 3569 ibi
1367 3475 1568 3601 posu1e
1611 3477 1693 3571 vel
1721 3477 1952 3596 ,electum
1992 3471 2136 3572 confir·
2253 3564 2254 3609 Ν

764 3710 836 3805 M.
848 3709 928 3829 lvj.
959 3710 1195 3803 Albertus
1220 3707 1440 3802 marchio
1472 3712 1679 3804 moritur
1708 3726 1760 3805 et
1780 3713 2008 3808 Ernestus
2034 3708 2135 3803 lilius

646 3832 753 3927 eius
782 3823 998 3921 succedit
1027 3828 1133 3944 Hijs
1163 3827 1470 3944 temporibus
1494 3831 1637 3923 Cdno
1660 3829 2040 3925 velChunradus
2057 3824 2137 3917 dux

644 3946 862 4044 bawarie
893 3943 1177 4036 inexilium
1209 3973 1238 4036 a
1266 3974 1384 4066 rege
1416 3946 1653 4039 Heinrico
1684 3947 1848 4071 pulsus
1878 3950 1934 4042 in
1964 3948 2131 4042 Panno·

518 4123 522 4128 -
645 4067 728 4159 nia
761 4061 825 4156 est
855 4057 1119 4156 defunctus
1176 4061 1246 4157 Et
1273 4062 1443 4187 Agnes
1474 4064 1764 4190 Imperatrix
1804 4064 2032 4162 ducatum
2068 4058 2131 4152 ba·

597 4235 602 4242 ·
647 4181 798 4278 warie
828 4179 1037 4302 usurpat.
1679 4197 1683 4202 ·
1951 4267 1955 4272 ,

704 4301 708 4312 ’
764 4295 979 4391 M.lxxv.
1018 4292 1247 4390 Erneslus
1277 4296 1496 4390 marchio
1536 4297 1589 4391 in
1630 4299 1831 4394 saxonia
1870 4299 1937 4394 est
1977 4286 2132 4393 occisor

647 4413 715 4509 Et
736 4411 1031 4509 leotholdus
1071 4407 1198 4508 filius
1241 4413 1457 4511 succedit
1498 4413 1583 4510 sub
1626 4415 1872 4544 Gregorio
1915 4443 2040 4543 papa
2070 4402 2129 4524 vil

646 4529 716 4628 Et
745 4531 997 4624 altmanno
1030 4559 1057 4624 e
1095 4529 1277 4655 iscopo
2035 4595 2040 4606 ·

767 4645 1011 4768 M.lxxxij.
1118 4663 1347 4745 tmannus
1376 4649 1589 4745 nostrum
1617 4649 1958 4746 monasterium
1994 4635 2128 4741 conse·

651 4779 757 4862 crat
785 4760 922 4894 quod
959 4793 1051 4889 per
1087 4767 1373 4867 incendium
1411 4769 1573 4866 iuerat
1614 4784 1895 4869 execratum
1935 4777 2126 4988 τὲιηροῐθ

1992 4906 2084 4978 eze-
