4717 6050
596 386 670 531 in
1104 416 1533 525 nnonrur
1711 503 1728 523 „

658 636 748 735 Mt
761 622 897 729 ee.L.
927 624 1260 726 Perchtoldus
1289 624 1440 721 frater
1462 614 1840 750 Ratispoirenii's.
1872 630 2058 757 episoo.

539 759 604 884 pi.
633 750 889 861 ordinatur
915 776 1007 875 pro
1045 774 1121 843 eo.
1153 740 1401 839 Fridrioua
1430 742 1704 867 Imperator
1740 740 1873 865 obiit,
1934 748 2059 847 Her.

423 964 438 981 ,
538 900 746 969 mannus
767 866 987 963 marchio
1011 862 1156 983 obijt„
1175 858 1495 985 Newnburge
1522 858 1767 985 sepelitur.

653 987 806 1085 Meo.
821 984 891 1109 Li
921 980 1101 1092 Clerici
1131 974 1551 1073 interficiebantur
1571 971 1788 1101 vpariiiua
1816 978 2059 1107 apastofi.

534 1107 639 1203 bria.
701 1101 980 1200 Otaeharus
1024 1096 1149 1191 filius
1191 1094 1322 1223 regis
1362 1092 1619 1194 Bohemie.
1652 1093 1820 1191 Duxit·
1855 1131 2061 1197 vxorem

536 1224 867 1349 Margaretam
892 1213 1144 1343 quondam
1168 1210 1509 1307 Romanorum
1531 1212 1764 1339 reginam.
1794 1211 1942 1313 liliam
1954 1218 2065 1316 Du··

533 1342 602 1436 cia
612 1335 876 1461 Leupoldi.
909 1330 1092 1427 austrie.
1123 1330 1209 1456 qui
1232 1331 1362 1424 iaeet
1384 1330 1627 1456 ineampo
1652 1327 1896 1467 lyliorum.
1964 1390 1968 1395 -

505 1521 508 1530 ,
649 1452 894 1570 M⁰.cc.lij.
926 1444 1861 1661 suffredicturOraeharuusublugauit
1883 1449 2053 1549 fibito.

530 1591 631 1668 tam
656 1571 874 1667 austriam
890 1570 1002 1662 auxi
1023 1597 1072 1661 ιο
1124 1578 1240 1659 atrrs
1262 1562 1344 1657 sur.
1366 1576 1419 1657 et
1429 1564 1614 1661 auxillo
1628 1564 1954 1688 quorumdam
1965 1601 2051 1667 no·

528 1690 702 1785 bilium
735 1684 798 1781 de
831 1683 1014 1779 austria.
1075 1597 1260 1807 ingeri
1289 1676 1598 1778 uastaueruut
1642 1679 1863 1779 austriam
1900 1686 2050 1813 usque

347 1889 350 1897 .
528 1804 758 1902 Tulnam.
790 1804 964 1927 rapina
998 1814 1050 1895 et
1081 1796 1328 1895 incendio.
1358 1796 1500 1892 nullo
1534 1796 1786 1909 reiistente.
1821 1800 2049 1900 infantae

526 1922 759 2019 mulieres
783 1933 834 2014 et
856 1922 991 2017 viros
1013 1920 1064 2023 in
1085 1915 1426 2041 captiuitatem
1462 1910 1723 2017 duxerunt„
1752 1930 1803 2011 et
1826 1919 2050 2015 innume·

525 2038 707 2135 rebiiea
733 2034 1034 2134 oeciderunt.
1066 2028 1281 2127 Claustra
1298 2028 1537 2153 jneendi's
1560 2045 1610 2127 et
1643 2036 1816 2157 rapina
1838 2035 2050 2135 vastaue·

517 2170 641 2252 ¹runt
662 2152 899 2249 Ecclefias
925 2147 1161 2247 Medlicia
1193 2178 1291 2274 que
1314 2148 1380 2243 est
1412 2149 1464 2242 in
1487 2062 1601 2244 iore
1629 2148 1971 2250 incenderunt„
1997 2158 2052 2254 in

524 2302 621 2399 qua
647 2270 868 2367 referunt
886 2266 1377 2395 periise.mille.‘quin
1412 2268 1517 2360 enti
1536 2266 1778 2390 homines.
1808 2270 1904 2368 Illo
1928 2287 2050 2371 tem·

497 2418 648 2517 ‚pore
681 2384 936 2515 fregerunt
971 2382 1221 2479 eeclesiam
1258 2385 1310 2477 in
1406 2382 1706 2480 altherstorff.
1738 2416 1886 2511 quam
1923 2388 2045 2487 dolo

524 2537 581 2603 ee
621 2520 771 2601 erant
817 2519 868 2599 et
899 2503 1081 2613 multos
1125 2498 1495 2598 iuterfecerunt.
1556 2498 1740 2597 Tereia
1781 2500 1907 2601 feria
1940 2506 2046 2635 post

155 2665 158 2673 ·
230 2676 239 2693 ·
339 2692 344 2701 .
417 2682 421 2689 ·
522 2538 713 2719 aicha.
745 2621 903 2715 libera
932 2621 1106 2715 ciuitas
1131 2615 1293 2711 exusta
1316 2616 1393 2712 est
1423 2619 1493 2713 ita
1515 2632 1570 2729 vt
1604 2648 1698 2715 nec
1731 2651 1830 2716 vna
1866 2621 2043 2723 domur

527 2740 643 2836 effet
663 2735 862 2834 relidua.
894 2735 1036 2832 multi
1058 2737 1209 2831 etiam
1228 2735 1457 2831 homines
1480 2736 1775 2833 interierunt
1794 2736 2044 2844 incendio.

523 2858 692 2997 plures
706 2884 829 2953 vero
851 2850 1062 2979 oppreiii
1082 2882 1113 2947 a
1133 2852 1282 2948 turba
1299 2868 1448 2979 atque
1472 2853 1765 2954 conculcati.
1792 2857 2051 2967 sunemot-

435 3061 440 3070 .
522 2989 597 3072 tur
616 2970 827 3102 pedibus
859 2967 1173 3098 fugiencium.
1203 2966 1360 3066 fames
1382 2970 1629 3096 preualuit
1659 2973 1882 3071 interra.
1914 2991 1967 3074 et
1990 2980 2047 3076 in
2231 3014 2238 3023 ·

521 3106 631 3188 tota
651 3087 830 3210 austria,
843 3085 1146 3190 frumentum
1169 3084 1315 3182 ualde
1341 3116 1506 3182 carum
1529 3086 1646 3183 'fuit
1678 3092 1749 3186 ita
1772 3107 1827 3188 ut
1850 3093 2046 3194 modius

472 3319 475 3328 η
521 3206 756 3304 frumenti
791 3203 1105 3311 venderetur.
1137 3230 1244 3328 pro.
1273 3205 1341 3300 xi.
1370 3205 1586 3312 talentis.
1628 3221 1680 3304 et
1712 3210 1780 3315 in,
1797 3211 2045 3339 aliquibus
2093 3287 2100 3292 .

522 3325 664 3421 loeis.
701 3322 803 3418 iola
822 3334 1032 3418 metreta
1063 3319 1262 3416 daretur
1332 3348 1399 3416 ro.
1420 3321 1577 3418 tribus
1613 3321 1792 3427 solidis.
1828 3344 1880 3426 et
1910 3330 2051 3427 multi

521 3442 751 3540 homines
777 3440 1070 3535 interierunt
1093 3435 1238 3549 fame.
1294 3353 1587 3578 Dueiffaode
1611 3439 1836 3561 Medlieh
1862 3449 2055 3572 aceepit

523 3561 750 3772 isnarittlrm
770 3586 940 3685 regem
949 3553 1139 3654 Ruseie.
1170 3559 1224 3658 in
1244 3557 1597 3666 contumeliam
1610 3560 1759 3660 amite
1781 3563 2051 3670 sueDueii·

546 3706 670 3774 ean
687 3697 791 3772 trie.
2162 3766 2167 3775 .

412 3898 415 3907 ,
641 3793 730 3890 Μ’.
745 3793 829 3891 σι’.
839 3791 939 3913 liij⁰.
968 3789 1080 3886 Rex
1089 3785 1268 3888 Ruscie
1279 3791 1450 3889 relicta
1464 3821 1632 3900 uxore.
1644 3789 1791 3914 rediit
1806 3794 2052 3895 interram

525 3913 668 4012 fuam
698 3910 810 4005 Rex
832 3907 1077 4004 Bohemie
1108 3908 1243 4031 obiju
1305 3909 1554 4006 Dominus
1575 3910 1907 4018 Perchtuldua
1947 3917 2052 4042 epia

413 4086 417 4098 »
525 4029 700 4242 fleoffiur
726 4023 1018 4241 gatauienfis
1043 4023 1177 4146 obijt.
1208 4025 1460 4126 Dominus
1473 4027 1602 4126 otto
1623 4028 2052 4155 eligitur-deLon·

460 4195 463 4204 ·
564 4175 666 4240 or.

459 4253 464 4263 ’
645 4250 1099 4384 M⁰.ce.lu11.'·Bela
1137 4288 1228 4358 rex
1270 4262 1486 4389 Vagarie
1530 4276 1584 4360 et
1624 4259 1904 4360 Otaehanu
1933 4263 2053 4366 Dux

527 4376 710 4476 austrie.
739 4379 1132 4476 reconciliantur
1164 4379 1218 4474 in
1253 4376 1471 4479 Pusonio
1499 4378 1607 4506 post
1670 4378 1827 4478 ascha.
1890 4378 2054 4478 Chun-

525 4493 673 4593 radus
704 4527 793 4592 rex
822 4495 951 4595 filius
973 4498 1051 4592 'im
1088 4497 1295 4594 cratoris
1331 4496 1464 4614 obiit
1524 4497 1614 4599 Me
1715 4511 1767 4592 et
1787 4496 2050 4596 vindemia.

526 4611 640 4712 satis
671 4612 800 4710 mala
829 4613 1030 4712 fuerunt
1052 4526 1149 4710 Eoo
1170 4638 1319 4711 anuo.
1379 4614 1660 4719 Otacharur
1681 4613 1931 4712 Dominus
1951 4615 2051 4712 Bo·

445 4821 448 4833 .
484 4779 487 4787 ·
527 4732 692 4848 hemia
715 4745 766 4828 et
789 4729 891 4830 dux
910 4733 1084 4832 austrie
1119 4750 1235 4836 ¹cum
1253 4730 1412 4830 multo
1432 4733 1669 4832 comitatu
1698 4731 1954 4859 proiectus
1987 4731 2052 4831 eli

940 4897 953 4921 ·
1884 4879 1992 4946 ver·

779 4157 860 4244 tto,
877 4143 997 4238 Dux
1021 4140 1223 4239 babarie
1249 4143 1383 4264 obije

761 4990 782 5037 Ι
