<?xml version="1.0" encoding="UTF-8"?>
<!DOCTYPE html PUBLIC "-//W3C//DTD XHTML 1.0 Transitional//EN"
    "http://www.w3.org/TR/xhtml1/DTD/xhtml1-transitional.dtd">
<html xmlns="http://www.w3.org/1999/xhtml" xml:lang="en" lang="en">
 <head>
  <title>
</title>
<meta http-equiv="Content-Type" content="text/html;charset=utf-8" />
  <meta name='ocr-system' content='tesseract 3.04.00' />
  <meta name='ocr-capabilities' content='ocr_page ocr_carea ocr_par ocr_line ocrx_word'/>
</head>
<body>
  <div class='ocr_page' id='page_1' title='image "./rerumavstriacar00raucgoog_0287.png"; bbox 0 0 4717 6050; ppageno 0'>
   <div class='ocr_carea' id='block_1_1' title="bbox 360 326 1536 477">
    <p class='ocr_par' dir='ltr' id='par_1_1' title="bbox 360 326 1536 477">
     <span class='ocr_line' id='line_1_1' title="bbox 360 326 1536 477; baseline -0.001 -21"><span class='ocrx_word' id='word_1_1' title='bbox 360 326 368 334; x_wconf 43' lang='lat'>⁸</span> <span class='ocrx_word' id='word_1_2' title='bbox 532 353 680 477; x_wconf 56' lang='grc' dir='ltr'><strong>’,η</strong></span> <span class='ocrx_word' id='word_1_3' title='bbox 1082 374 1536 455; x_wconf 74' lang='lat' dir='ltr'><strong>·nnoNYM1</strong></span> 
     </span>
    </p>
   </div>
   <div class='ocr_carea' id='block_1_2' title="bbox 404 576 2109 2072">
    <p class='ocr_par' dir='ltr' id='par_1_2' title="bbox 518 576 2061 1055">
     <span class='ocr_line' id='line_1_2' title="bbox 551 576 2059 703; baseline -0.002 -24"><span class='ocrx_word' id='word_1_4' title='bbox 551 598 720 679; x_wconf 87' lang='lat' dir='ltr'><strong>tenter</strong></span> <span class='ocrx_word' id='word_1_5' title='bbox 754 581 1010 675; x_wconf 87' lang='lat' dir='ltr'><strong>victoriam</strong></span> <span class='ocrx_word' id='word_1_6' title='bbox 1042 576 1269 673; x_wconf 87' lang='lat' dir='ltr'><strong>obtinuit.</strong></span> <span class='ocrx_word' id='word_1_7' title='bbox 1310 576 1484 703; x_wconf 87' lang='lat' dir='ltr'><strong>fugato</strong></span> <span class='ocrx_word' id='word_1_8' title='bbox 1513 578 1722 703; x_wconf 84' lang='lat' dir='ltr'><strong>turpiter</strong></span> <span class='ocrx_word' id='word_1_9' title='bbox 1751 576 1938 676; x_wconf 83' lang='lat' dir='ltr'><strong>Karulo</strong></span> <span class='ocrx_word' id='word_1_10' title='bbox 1974 576 2059 675; x_wconf 87' lang='lat' dir='ltr'><strong>De</strong></span> 
     </span>
     <span class='ocr_line' id='line_1_3' title="bbox 551 696 2060 835; baseline -0.003 -40"><span class='ocrx_word' id='word_1_11' title='bbox 551 701 701 795; x_wconf 88' lang='lat' dir='ltr'><strong>bello.</strong></span> <span class='ocrx_word' id='word_1_12' title='bbox 752 698 973 825; x_wconf 89' lang='lat' dir='ltr'><strong>quamuis</strong></span> <span class='ocrx_word' id='word_1_13' title='bbox 1001 728 1133 835; x_wconf 86' lang='lat' dir='ltr'><strong>papa</strong></span> <span class='ocrx_word' id='word_1_14' title='bbox 1163 710 1270 789; x_wconf 89' lang='lat' dir='ltr'><strong>tota</strong></span> <span class='ocrx_word' id='word_1_15' title='bbox 1300 698 1478 789; x_wconf 88' lang='lat' dir='ltr'><strong>virtute</strong></span> <span class='ocrx_word' id='word_1_16' title='bbox 1520 696 1601 789; x_wconf 82' lang='lat' dir='ltr'><strong>sua</strong></span> <span class='ocrx_word' id='word_1_17' title='bbox 1641 726 1750 790; x_wconf 93' lang='lat' dir='ltr'><strong>cum</strong></span> <span class='ocrx_word' id='word_1_18' title='bbox 1780 697 1875 792; x_wconf 85' lang='lat' dir='ltr'><strong>luis</strong></span> <span class='ocrx_word' id='word_1_19' title='bbox 1905 699 2060 792; x_wconf 92' lang='lat' dir='ltr'><strong>homi·</strong></span> 
     </span>
     <span class='ocr_line' id='line_1_4' title="bbox 547 812 2061 939; baseline -0.001 -29"><span class='ocrx_word' id='word_1_20' title='bbox 547 816 693 911; x_wconf 87' lang='lat' dir='ltr'><strong>nibus</strong></span> <span class='ocrx_word' id='word_1_21' title='bbox 726 831 776 909; x_wconf 91' lang='lat' dir='ltr'><strong>et</strong></span> <span class='ocrx_word' id='word_1_22' title='bbox 805 844 1045 939; x_wconf 89' lang='lat' dir='ltr'><strong>peccuma</strong></span> <span class='ocrx_word' id='word_1_23' title='bbox 1068 815 1227 907; x_wconf 90' lang='lat' dir='ltr'><strong>tocius</strong></span> <span class='ocrx_word' id='word_1_24' title='bbox 1251 813 1449 907; x_wconf 76' lang='lat' dir='ltr'><strong>ecclesie</strong></span> <span class='ocrx_word' id='word_1_25' title='bbox 1472 812 1520 907; x_wconf 88' lang='lat' dir='ltr'><strong>ei</strong></span> <span class='ocrx_word' id='word_1_26' title='bbox 1542 812 1778 907; x_wconf 81' lang='lat' dir='ltr'><strong>affilleret.</strong></span> <span class='ocrx_word' id='word_1_27' title='bbox 1809 816 1910 932; x_wconf 86' lang='lat' dir='ltr'><strong>Qui</strong></span> <span class='ocrx_word' id='word_1_28' title='bbox 1933 847 2061 939; x_wconf 87' lang='lat' dir='ltr'><strong>papa</strong></span> 
     </span>
     <span class='ocr_line' id='line_1_5' title="bbox 518 924 2058 1055; baseline -0.003 -27"><span class='ocrx_word' id='word_1_29' title='bbox 518 1038 521 1045; x_wconf 57' lang='grc'><em>,</em></span> <span class='ocrx_word' id='word_1_30' title='bbox 545 936 602 1028; x_wconf 86' lang='lat' dir='ltr'><strong>in</strong></span> <span class='ocrx_word' id='word_1_31' title='bbox 627 944 817 1027; x_wconf 87' lang='lat' dir='ltr'><strong>tantum</strong></span> <span class='ocrx_word' id='word_1_32' title='bbox 850 930 968 1027; x_wconf 92' lang='lat' dir='ltr'><strong>odio</strong></span> <span class='ocrx_word' id='word_1_33' title='bbox 1000 924 1218 1023; x_wconf 87' lang='lat' dir='ltr'><strong>habebat</strong></span> <span class='ocrx_word' id='word_1_34' title='bbox 1244 932 1538 1025; x_wconf 91' lang='lat' dir='ltr'><strong>teutnnicos.</strong></span> <span class='ocrx_word' id='word_1_35' title='bbox 1568 927 2058 1055; x_wconf 82' lang='lat' dir='ltr'><strong>quodiplcfrequen·</strong></span> 
     </span>
    </p>

    <p class='ocr_par' dir='ltr' id='par_1_3' title="bbox 414 1044 2109 1301">
     <span class='ocr_line' id='line_1_6' title="bbox 414 1044 2109 1187; baseline -0.003 -43"><span class='ocrx_word' id='word_1_36' title='bbox 414 1068 417 1073; x_wconf 82' lang='lat'>&#39;</span> <span class='ocrx_word' id='word_1_37' title='bbox 535 1065 628 1143; x_wconf 81' lang='lat' dir='ltr'><strong>&#39;ter</strong></span> <span class='ocrx_word' id='word_1_38' title='bbox 660 1048 865 1187; x_wconf 89' lang='lat' dir='ltr'><strong>optabat</strong></span> <span class='ocrx_word' id='word_1_39' title='bbox 897 1048 1023 1141; x_wconf 85' lang='lat' dir='ltr'><strong>effici</strong></span> <span class='ocrx_word' id='word_1_40' title='bbox 1054 1048 1264 1172; x_wconf 85' lang='lat' dir='ltr'><strong>cyconia</strong></span> <span class='ocrx_word' id='word_1_41' title='bbox 1293 1045 1378 1139; x_wconf 85' lang='lat' dir='ltr'><strong>sub</strong></span> <span class='ocrx_word' id='word_1_42' title='bbox 1407 1048 1501 1139; x_wconf 86' lang='lat' dir='ltr'><strong>hac</strong></span> <span class='ocrx_word' id='word_1_43' title='bbox 1531 1044 1701 1174; x_wconf 72' lang='lat' dir='ltr'><strong>forma.</strong></span> <span class='ocrx_word' id='word_1_44' title='bbox 1747 1046 1883 1171; x_wconf 90' lang='lat' dir='ltr'><strong>quod</strong></span> <span class='ocrx_word' id='word_1_45' title='bbox 1921 1048 2061 1141; x_wconf 88' lang='lat' dir='ltr'><strong>theu·</strong></span> <span class='ocrx_word' id='word_1_46' title='bbox 2101 1100 2109 1115; x_wconf 85' lang='lat'><strong>·</strong></span> 
     </span>
     <span class='ocr_line' id='line_1_7' title="bbox 533 1162 2057 1301; baseline -0.002 -41"><span class='ocrx_word' id='word_1_47' title='bbox 533 1164 703 1261; x_wconf 75' lang='lat' dir='ltr'><strong>&#39;tunicr</strong></span> <span class='ocrx_word' id='word_1_48' title='bbox 732 1167 781 1258; x_wconf 92' lang='lat' dir='ltr'><strong>in</strong></span> <span class='ocrx_word' id='word_1_49' title='bbox 814 1164 1078 1301; x_wconf 86' lang='lat' dir='ltr'><strong>paludibus</strong></span> <span class='ocrx_word' id='word_1_50' title='bbox 1110 1162 1259 1255; x_wconf 81' lang='lat' dir='ltr'><strong>client</strong></span> <span class='ocrx_word' id='word_1_51' title='bbox 1287 1192 1407 1256; x_wconf 87' lang='lat' dir='ltr'><strong>rane</strong></span> <span class='ocrx_word' id='word_1_52' title='bbox 1451 1180 1505 1257; x_wconf 90' lang='lat' dir='ltr'><strong>ut</strong></span> <span class='ocrx_word' id='word_1_53' title='bbox 1534 1164 1702 1258; x_wconf 81' lang='lat' dir='ltr'><strong>faltem</strong></span> <span class='ocrx_word' id='word_1_54' title='bbox 1734 1163 1792 1257; x_wconf 83' lang='lat' dir='ltr'><strong>lrc</strong></span> <span class='ocrx_word' id='word_1_55' title='bbox 1825 1194 1913 1259; x_wconf 89' lang='lat' dir='ltr'><strong>cos</strong></span> <span class='ocrx_word' id='word_1_56' title='bbox 1952 1164 2057 1288; x_wconf 85' lang='lat' dir='ltr'><strong>pol·</strong></span> 
     </span>
    </p>

    <p class='ocr_par' dir='ltr' id='par_1_4' title="bbox 547 1279 2107 1610">
     <span class='ocr_line' id='line_1_8' title="bbox 547 1279 2061 1377; baseline 0 0"><span class='ocrx_word' id='word_1_57' title='bbox 547 1282 621 1377; x_wconf 81' lang='lat' dir='ltr'><strong>iet</strong></span> <span class='ocrx_word' id='word_1_58' title='bbox 652 1282 713 1376; x_wconf 89' lang='lat' dir='ltr'><strong>dc</strong></span> <span class='ocrx_word' id='word_1_59' title='bbox 747 1283 892 1375; x_wconf 84' lang='lat' dir='ltr'><strong>lutrre</strong></span> <span class='ocrx_word' id='word_1_60' title='bbox 935 1312 992 1375; x_wconf 84' lang='lat' dir='ltr'><strong>ac</strong></span> <span class='ocrx_word' id='word_1_61' title='bbox 1023 1281 1278 1374; x_wconf 89' lang='lat' dir='ltr'><strong>deuorare.</strong></span> <span class='ocrx_word' id='word_1_62' title='bbox 1321 1295 1406 1372; x_wconf 89' lang='lat' dir='ltr'><strong>aut</strong></span> <span class='ocrx_word' id='word_1_63' title='bbox 1435 1280 1485 1374; x_wconf 91' lang='lat' dir='ltr'><strong>in</strong></span> <span class='ocrx_word' id='word_1_64' title='bbox 1516 1280 1627 1374; x_wconf 88' lang='lat' dir='ltr'><strong>lacu</strong></span> <span class='ocrx_word' id='word_1_65' title='bbox 1658 1279 1772 1374; x_wconf 85' lang='lat' dir='ltr'><strong>ellet</strong></span> <span class='ocrx_word' id='word_1_66' title='bbox 1801 1281 1971 1376; x_wconf 87' lang='lat' dir='ltr'><strong>lucens</strong></span> <span class='ocrx_word' id='word_1_67' title='bbox 2011 1295 2061 1377; x_wconf 88' lang='lat' dir='ltr'><strong>ct</strong></span> 
     </span>
     <span class='ocr_line' id='line_1_9' title="bbox 547 1311 2061 1526; baseline -0.001 -32"><span class='ocrx_word' id='word_1_68' title='bbox 547 1402 565 1495; x_wconf 94' lang='lat' dir='ltr'><strong>i</strong></span> <span class='ocrx_word' id='word_1_69' title='bbox 603 1311 833 1525; x_wconf 69' lang='lat' dir='ltr'><strong>fipilces.</strong></span> <span class='ocrx_word' id='word_1_70' title='bbox 873 1396 1009 1523; x_wconf 93' lang='lat' dir='ltr'><strong>quod</strong></span> <span class='ocrx_word' id='word_1_71' title='bbox 1051 1397 1110 1490; x_wconf 84' lang='lat' dir='ltr'><strong>fic</strong></span> <span class='ocrx_word' id='word_1_72' title='bbox 1152 1427 1241 1491; x_wconf 82' lang='lat' dir='ltr'><strong>eos</strong></span> <span class='ocrx_word' id='word_1_73' title='bbox 1278 1396 1435 1521; x_wconf 86' lang='lat' dir='ltr'><strong>pollet</strong></span> <span class='ocrx_word' id='word_1_74' title='bbox 1475 1395 1731 1526; x_wconf 83' lang='lat' dir='ltr'><strong>deglutire.</strong></span> <span class='ocrx_word' id='word_1_75' title='bbox 1761 1398 1915 1493; x_wconf 83' lang='lat' dir='ltr'><strong>Filius</strong></span> <span class='ocrx_word' id='word_1_76' title='bbox 1940 1427 2061 1493; x_wconf 91' lang='lat' dir='ltr'><strong>vero</strong></span> 
     </span>
     <span class='ocr_line' id='line_1_10' title="bbox 595 1513 2107 1610; baseline 0 -1"><span class='ocrx_word' id='word_1_77' title='bbox 595 1518 719 1610; x_wconf 87' lang='lat' dir='ltr'><strong>aroli</strong></span> <span class='ocrx_word' id='word_1_78' title='bbox 757 1516 912 1609; x_wconf 88' lang='lat' dir='ltr'><strong>maior</strong></span> <span class='ocrx_word' id='word_1_79' title='bbox 949 1528 1069 1609; x_wconf 89' lang='lat' dir='ltr'><strong>natu</strong></span> <span class='ocrx_word' id='word_1_80' title='bbox 1111 1513 1324 1607; x_wconf 92' lang='lat' dir='ltr'><strong>collecto</strong></span> <span class='ocrx_word' id='word_1_81' title='bbox 1360 1516 1578 1607; x_wconf 87' lang='lat' dir='ltr'><strong>exercitu</strong></span> <span class='ocrx_word' id='word_1_82' title='bbox 1613 1546 1689 1609; x_wconf 88' lang='lat' dir='ltr'><strong>ma</strong></span> <span class='ocrx_word' id='word_1_83' title='bbox 1761 1547 1791 1610; x_wconf 93' lang='grc' dir='ltr'>ο</span> <span class='ocrx_word' id='word_1_84' title='bbox 1825 1514 1973 1609; x_wconf 88' lang='lat' dir='ltr'><strong>ualde</strong></span> <span class='ocrx_word' id='word_1_85' title='bbox 2009 1530 2059 1609; x_wconf 87' lang='lat' dir='ltr'><strong>et</strong></span> <span class='ocrx_word' id='word_1_86' title='bbox 2103 1535 2107 1546; x_wconf 86' lang='lat'>&#39;</span> 
     </span>
    </p>

    <p class='ocr_par' dir='ltr' id='par_1_5' title="bbox 404 1628 2060 2072">
     <span class='ocr_line' id='line_1_11' title="bbox 419 1628 2060 1757; baseline 0.003 -36"><span class='ocrx_word' id='word_1_87' title='bbox 419 1716 423 1721; x_wconf 80' lang='grc'><strong>.</strong></span> <span class='ocrx_word' id='word_1_88' title='bbox 546 1634 679 1729; x_wconf 82' lang='lat' dir='ltr'><strong>forti.</strong></span> <span class='ocrx_word' id='word_1_89' title='bbox 711 1634 915 1757; x_wconf 86' lang='lat' dir='ltr'><strong>cupiens</strong></span> <span class='ocrx_word' id='word_1_90' title='bbox 945 1632 1099 1753; x_wconf 91' lang='lat' dir='ltr'><strong>patris</strong></span> <span class='ocrx_word' id='word_1_91' title='bbox 1129 1631 1355 1722; x_wconf 88' lang='lat' dir='ltr'><strong>iniuriam</strong></span> <span class='ocrx_word' id='word_1_92' title='bbox 1384 1628 1650 1727; x_wconf 87' lang='lat' dir='ltr'><strong>vindicare.</strong></span> <span class='ocrx_word' id='word_1_93' title='bbox 1731 1632 1923 1729; x_wconf 87' lang='lat' dir='ltr'><strong>rocellit</strong></span> <span class='ocrx_word' id='word_1_94' title='bbox 1944 1664 2060 1727; x_wconf 91' lang='lat' dir='ltr'><strong>con·</strong></span> 
     </span>
     <span class='ocr_line' id='line_1_12' title="bbox 404 1745 2058 1875; baseline -0.002 -30"><span class='ocrx_word' id='word_1_95' title='bbox 404 1750 413 1761; x_wconf 83' lang='grc'><strong><em>’</em></strong></span> <span class='ocrx_word' id='word_1_96' title='bbox 545 1766 622 1845; x_wconf 89' lang='lat' dir='ltr'><strong>tra</strong></span> <span class='ocrx_word' id='word_1_97' title='bbox 650 1780 818 1875; x_wconf 84' lang='lat' dir='ltr'><strong>regem</strong></span> <span class='ocrx_word' id='word_1_98' title='bbox 859 1748 1129 1873; x_wconf 83' lang='lat' dir='ltr'><strong>arragonie.</strong></span> <span class='ocrx_word' id='word_1_99' title='bbox 1171 1745 1501 1872; x_wconf 79' lang='lat' dir='ltr'><strong>ordinatisque</strong></span> <span class='ocrx_word' id='word_1_100' title='bbox 1544 1749 1660 1845; x_wconf 91' lang='lat' dir='ltr'><strong>hinc</strong></span> <span class='ocrx_word' id='word_1_101' title='bbox 1702 1748 1819 1845; x_wconf 90' lang='lat' dir='ltr'><strong>inde</strong></span> <span class='ocrx_word' id='word_1_102' title='bbox 1860 1750 2058 1873; x_wconf 79' lang='lat' dir='ltr'><strong>agmini·</strong></span> 
     </span>
     <span class='ocr_line' id='line_1_13' title="bbox 547 1861 2058 2072; baseline 0 -111"><span class='ocrx_word' id='word_1_103' title='bbox 547 1868 640 1961; x_wconf 90' lang='lat' dir='ltr'><strong>bus</strong></span> <span class='ocrx_word' id='word_1_104' title='bbox 671 1866 854 1959; x_wconf 90' lang='lat' dir='ltr'><strong>bellum</strong></span> <span class='ocrx_word' id='word_1_105' title='bbox 886 1864 1222 1957; x_wconf 85' lang='lat' dir='ltr'><strong>committitur.</strong></span> <span class='ocrx_word' id='word_1_106' title='bbox 1257 1861 1588 2072; x_wconf 85' lang='lat' dir='ltr'><strong>prostrataque</strong></span> <span class='ocrx_word' id='word_1_107' title='bbox 1621 1897 1684 1959; x_wconf 87' lang='lat' dir='ltr'><strong>ex</strong></span> <span class='ocrx_word' id='word_1_108' title='bbox 1712 1881 1917 1992; x_wconf 89' lang='lat' dir='ltr'><strong>utraque</strong></span> <span class='ocrx_word' id='word_1_109' title='bbox 1949 1898 2058 2006; x_wconf 86' lang='lat' dir='ltr'><strong>par·</strong></span> 
     </span>
    </p>
   </div>
   <div class='ocr_carea' id='block_1_3' title="bbox 545 1976 2056 2107">
    <p class='ocr_par' dir='ltr' id='par_1_6' title="bbox 545 1976 2056 2107">
     <span class='ocr_line' id='line_1_14' title="bbox 545 1976 2056 2107; baseline 0.003 -28"><span class='ocrx_word' id='word_1_110' title='bbox 545 1998 596 2079; x_wconf 86' lang='lat' dir='ltr'><strong>te</strong></span> <span class='ocrx_word' id='word_1_111' title='bbox 628 1984 839 2077; x_wconf 83' lang='lat' dir='ltr'><strong>maxima</strong></span> <span class='ocrx_word' id='word_1_112' title='bbox 870 1976 1187 2072; x_wconf 87' lang='lat' dir='ltr'><strong>multitudine</strong></span> <span class='ocrx_word' id='word_1_113' title='bbox 1226 1977 1351 2087; x_wconf 82' lang='lat' dir='ltr'><strong>fiius</strong></span> <span class='ocrx_word' id='word_1_114' title='bbox 1387 1981 1560 2075; x_wconf 87' lang='lat' dir='ltr'><strong>Karoli</strong></span> <span class='ocrx_word' id='word_1_115' title='bbox 1577 1985 1812 2077; x_wconf 70' lang='lat' dir='ltr'><strong>uincitur.</strong></span> <span class='ocrx_word' id='word_1_116' title='bbox 1855 2000 2056 2107; x_wconf 88' lang='lat' dir='ltr'><strong>caprtur.</strong></span> 
     </span>
    </p>
   </div>
   <div class='ocr_carea' id='block_1_4' title="bbox 361 2095 2055 2892">
    <p class='ocr_par' dir='ltr' id='par_1_7' title="bbox 361 2095 2055 2892">
     <span class='ocr_line' id='line_1_15' title="bbox 361 2095 2055 2219; baseline 0.003 -25"><span class='ocrx_word' id='word_1_117' title='bbox 361 2168 370 2207; x_wconf 40' lang='grc' dir='ltr'>ι</span> <span class='ocrx_word' id='word_1_118' title='bbox 545 2099 836 2195; x_wconf 84' lang='lat' dir='ltr'><strong>vinculatur.</strong></span> <span class='ocrx_word' id='word_1_119' title='bbox 876 2096 1054 2219; x_wconf 88' lang='lat' dir='ltr'><strong>reliqui</strong></span> <span class='ocrx_word' id='word_1_120' title='bbox 1084 2095 1412 2190; x_wconf 79' lang='lat' dir='ltr'><strong>homineslui</strong></span> <span class='ocrx_word' id='word_1_121' title='bbox 1440 2099 1491 2189; x_wconf 93' lang='lat' dir='ltr'><strong>in</strong></span> <span class='ocrx_word' id='word_1_122' title='bbox 1523 2100 1658 2198; x_wconf 85' lang='lat' dir='ltr'><strong>villis</strong></span> <span class='ocrx_word' id='word_1_123' title='bbox 1700 2114 1752 2194; x_wconf 93' lang='lat' dir='ltr'><strong>et</strong></span> <span class='ocrx_word' id='word_1_124' title='bbox 1781 2100 2055 2199; x_wconf 83' lang='lat' dir='ltr'><strong>ciuitatibus</strong></span> 
     </span>
     <span class='ocr_line' id='line_1_16' title="bbox 546 2210 2055 2339; baseline 0.002 -27"><span class='ocrx_word' id='word_1_125' title='bbox 546 2215 850 2313; x_wconf 83' lang='lat' dir='ltr'><strong>occiduntur.</strong></span> <span class='ocrx_word' id='word_1_126' title='bbox 906 2210 1104 2339; x_wconf 88' lang='lat' dir='ltr'><strong>qnidam</strong></span> <span class='ocrx_word' id='word_1_127' title='bbox 1144 2212 1368 2307; x_wconf 81' lang='lat' dir='ltr'><strong>manibus</strong></span> <span class='ocrx_word' id='word_1_128' title='bbox 1411 2228 1464 2307; x_wconf 85' lang='lat' dir='ltr'><strong>et</strong></span> <span class='ocrx_word' id='word_1_129' title='bbox 1499 2214 1712 2339; x_wconf 86' lang='lat' dir='ltr'><strong>pedibus</strong></span> <span class='ocrx_word' id='word_1_130' title='bbox 1761 2218 2055 2315; x_wconf 87' lang='lat' dir='ltr'><strong>mutilantur.</strong></span> 
     </span>
     <span class='ocr_line' id='line_1_17' title="bbox 529 2330 2054 2456; baseline 0.004 -28"><span class='ocrx_word' id='word_1_131' title='bbox 529 2349 596 2428; x_wconf 80' lang='lat' dir='ltr'><strong>&#39;et</strong></span> <span class='ocrx_word' id='word_1_132' title='bbox 622 2332 680 2425; x_wconf 80' lang='lat' dir='ltr'><strong>fic</strong></span> <span class='ocrx_word' id='word_1_133' title='bbox 712 2360 886 2425; x_wconf 87' lang='lat' dir='ltr'><strong>omncs</strong></span> <span class='ocrx_word' id='word_1_134' title='bbox 917 2330 1115 2455; x_wconf 88' lang='lat' dir='ltr'><strong>penitus</strong></span> <span class='ocrx_word' id='word_1_135' title='bbox 1148 2331 1377 2456; x_wconf 85' lang='lat' dir='ltr'><strong>extirpati</strong></span> <span class='ocrx_word' id='word_1_136' title='bbox 1406 2331 1515 2424; x_wconf 86' lang='lat' dir='ltr'><strong>sunt</strong></span> <span class='ocrx_word' id='word_1_137' title='bbox 1544 2330 1627 2427; x_wconf 88' lang='lat' dir='ltr'><strong>De</strong></span> <span class='ocrx_word' id='word_1_138' title='bbox 1650 2334 1735 2427; x_wconf 88' lang='lat' dir='ltr'><strong>illa</strong></span> <span class='ocrx_word' id='word_1_139' title='bbox 1757 2349 1900 2429; x_wconf 85' lang='lat' dir='ltr'><strong>terra.</strong></span> <span class='ocrx_word' id='word_1_140' title='bbox 1938 2336 2054 2433; x_wconf 87' lang='lat' dir='ltr'><strong>Non</strong></span> 
     </span>
     <span class='ocr_line' id='line_1_18' title="bbox 540 2448 2052 2577; baseline 0.003 -33"><span class='ocrx_word' id='word_1_141' title='bbox 540 2448 876 2577; x_wconf 85' lang='lat' dir='ltr'><strong>postmultum</strong></span> <span class='ocrx_word' id='word_1_142' title='bbox 906 2476 1027 2540; x_wconf 90' lang='lat' dir='ltr'><strong>vero</strong></span> <span class='ocrx_word' id='word_1_143' title='bbox 1051 2449 1307 2571; x_wconf 84' lang='lat' dir='ltr'><strong>temporis.</strong></span> <span class='ocrx_word' id='word_1_144' title='bbox 1325 2448 1550 2571; x_wconf 85' lang='lat' dir='ltr'><strong>spacium.</strong></span> <span class='ocrx_word' id='word_1_145' title='bbox 1579 2480 1669 2543; x_wconf 88' lang='lat' dir='ltr'><strong>rex</strong></span> <span class='ocrx_word' id='word_1_146' title='bbox 1693 2450 1905 2547; x_wconf 88' lang='lat' dir='ltr'><strong>Karolus</strong></span> <span class='ocrx_word' id='word_1_147' title='bbox 1928 2484 2052 2549; x_wconf 92' lang='lat' dir='ltr'><strong>mor·</strong></span> 
     </span>
     <span class='ocr_line' id='line_1_19' title="bbox 542 2561 2054 2699; baseline 0.003 -37"><span class='ocrx_word' id='word_1_148' title='bbox 542 2582 656 2662; x_wconf 91' lang='lat' dir='ltr'><strong>tuus</strong></span> <span class='ocrx_word' id='word_1_149' title='bbox 689 2564 770 2659; x_wconf 70' lang='lat' dir='ltr'><strong>eli.</strong></span> <span class='ocrx_word' id='word_1_150' title='bbox 848 2561 1043 2657; x_wconf 91' lang='lat' dir='ltr'><strong>Eodem</strong></span> <span class='ocrx_word' id='word_1_151' title='bbox 1083 2592 1216 2658; x_wconf 87' lang='lat' dir='ltr'><strong>anno</strong></span> <span class='ocrx_word' id='word_1_152' title='bbox 1251 2564 1307 2699; x_wconf 88' lang='lat' dir='ltr'><strong>jn</strong></span> <span class='ocrx_word' id='word_1_153' title='bbox 1337 2563 1498 2659; x_wconf 82' lang='lat' dir='ltr'><strong>estate.</strong></span> <span class='ocrx_word' id='word_1_154' title='bbox 1538 2566 1589 2659; x_wconf 91' lang='lat' dir='ltr'><strong>in</strong></span> <span class='ocrx_word' id='word_1_155' title='bbox 1619 2565 1841 2691; x_wconf 86' lang='lat' dir='ltr'><strong>partibus</strong></span> <span class='ocrx_word' id='word_1_156' title='bbox 1872 2571 2054 2669; x_wconf 83' lang='lat' dir='ltr'><strong>austrie.</strong></span> 
     </span>
     <span class='ocr_line' id='line_1_20' title="bbox 451 2678 2051 2892; baseline 0.003 -113"><span class='ocrx_word' id='word_1_157' title='bbox 451 2757 455 2765; x_wconf 82' lang='lat'><strong>.</strong></span> <span class='ocrx_word' id='word_1_158' title='bbox 544 2688 675 2779; x_wconf 89' lang='lat' dir='ltr'><strong>circa</strong></span> <span class='ocrx_word' id='word_1_159' title='bbox 705 2679 1029 2892; x_wconf 66' lang='lat' dir='ltr'><strong>Spannberch</strong></span> <span class='ocrx_word' id='word_1_160' title='bbox 1058 2679 1112 2772; x_wconf 93' lang='lat' dir='ltr'><strong>in</strong></span> <span class='ocrx_word' id='word_1_161' title='bbox 1142 2678 1347 2775; x_wconf 85' lang='lat' dir='ltr'><strong>mendic</strong></span> <span class='ocrx_word' id='word_1_162' title='bbox 1377 2679 1509 2775; x_wconf 87' lang='lat' dir='ltr'><strong>facta</strong></span> <span class='ocrx_word' id='word_1_163' title='bbox 1535 2684 1642 2777; x_wconf 84' lang='lat' dir='ltr'><strong>lunt</strong></span> <span class='ocrx_word' id='word_1_164' title='bbox 1664 2683 1870 2810; x_wconf 83' lang='lat' dir='ltr'><strong>fulgura.</strong></span> <span class='ocrx_word' id='word_1_165' title='bbox 1900 2719 1958 2783; x_wconf 86' lang='lat' dir='ltr'><strong>ac</strong></span> <span class='ocrx_word' id='word_1_166' title='bbox 1980 2705 2051 2785; x_wconf 88' lang='lat' dir='ltr'><strong>to·</strong></span> 
     </span>
    </p>
   </div>
   <div class='ocr_carea' id='block_1_5' title="bbox 217 3265 2051 3487">
    <p class='ocr_par' dir='ltr' id='par_1_8' title="bbox 217 3265 2051 3487">
     <span class='ocr_line' id='line_1_21' title="bbox 217 3265 2051 3487; baseline 0.02 -149"><span class='ocrx_word' id='word_1_167' title='bbox 217 3281 245 3398; x_wconf 80' lang='grc' dir='ltr'><strong> </strong></span> <span class='ocrx_word' id='word_1_168' title='bbox 299 3409 302 3416; x_wconf 20' lang='grc' dir='ltr'>Ι</span> <span class='ocrx_word' id='word_1_169' title='bbox 401 3381 405 3386; x_wconf 21' lang='lat'><strong>¹</strong></span> <span class='ocrx_word' id='word_1_170' title='bbox 544 3299 596 3362; x_wconf 86' lang='lat' dir='ltr'><strong>m</strong></span> <span class='ocrx_word' id='word_1_171' title='bbox 627 3265 920 3392; x_wconf 85' lang='lat' dir='ltr'><strong>quibusdam</strong></span> <span class='ocrx_word' id='word_1_172' title='bbox 949 3266 1081 3360; x_wconf 91' lang='lat' dir='ltr'><strong>villis</strong></span> <span class='ocrx_word' id='word_1_173' title='bbox 1112 3266 1376 3362; x_wconf 91' lang='lat' dir='ltr'><strong>multitudo</strong></span> <span class='ocrx_word' id='word_1_174' title='bbox 1407 3269 1662 3364; x_wconf 87' lang='lat' dir='ltr'><strong>hominum</strong></span> <span class='ocrx_word' id='word_1_175' title='bbox 1694 3279 2051 3487; x_wconf 65' lang='lat' dir='ltr'><strong>cumdparuulis</strong></span> 
     </span>
    </p>
   </div>
   <div class='ocr_carea' id='block_1_6' title="bbox 542 2795 2101 3138">
    <p class='ocr_par' dir='ltr' id='par_1_9' title="bbox 542 2795 2101 3138">
     <span class='ocr_line' id='line_1_22' title="bbox 544 2795 2051 2900; baseline 0.003 -5"><span class='ocrx_word' id='word_1_176' title='bbox 544 2806 705 2895; x_wconf 86' lang='lat' dir='ltr'><strong>n&#39;itrua</strong></span> <span class='ocrx_word' id='word_1_177' title='bbox 781 2795 1000 2892; x_wconf 86' lang='lat' dir='ltr'><strong>&#39;orribilia</strong></span> <span class='ocrx_word' id='word_1_178' title='bbox 1041 2811 1092 2890; x_wconf 88' lang='lat' dir='ltr'><strong>et</strong></span> <span class='ocrx_word' id='word_1_179' title='bbox 1119 2797 1502 2893; x_wconf 82' lang='lat' dir='ltr'><strong>coruscaciones</strong></span> <span class='ocrx_word' id='word_1_180' title='bbox 1540 2815 1591 2894; x_wconf 80' lang='lat' dir='ltr'><strong>et</strong></span> <span class='ocrx_word' id='word_1_181' title='bbox 1619 2801 1823 2896; x_wconf 89' lang='lat' dir='ltr'><strong>nubium</strong></span> <span class='ocrx_word' id='word_1_182' title='bbox 1853 2804 1997 2900; x_wconf 84' lang='lat' dir='ltr'><strong>Dilru</strong></span> <span class='ocrx_word' id='word_1_183' title='bbox 2032 2861 2051 2887; x_wconf 90' lang='lat'><strong>·</strong></span> 
     </span>
     <span class='ocr_line' id='line_1_23' title="bbox 545 2914 2101 3126; baseline 0.006 -115"><span class='ocrx_word' id='word_1_184' title='bbox 545 2919 729 3011; x_wconf 88' lang='lat' dir='ltr'><strong>ciones.</strong></span> <span class='ocrx_word' id='word_1_185' title='bbox 773 2946 830 3009; x_wconf 88' lang='lat' dir='ltr'><strong>ac</strong></span> <span class='ocrx_word' id='word_1_186' title='bbox 861 2914 1028 3032; x_wconf 92' lang='lat' dir='ltr'><strong>pluuie</strong></span> <span class='ocrx_word' id='word_1_187' title='bbox 1060 2914 1301 3126; x_wconf 55' lang='lat' dir='ltr'><strong>inpentes.</strong></span> <span class='ocrx_word' id='word_1_188' title='bbox 1324 2915 1385 3007; x_wconf 87' lang='lat' dir='ltr'><strong>in</strong></span> <span class='ocrx_word' id='word_1_189' title='bbox 1413 2928 1604 3011; x_wconf 85' lang='lat' dir='ltr'><strong>tantum</strong></span> <span class='ocrx_word' id='word_1_190' title='bbox 1647 2917 1784 3046; x_wconf 89' lang='lat' dir='ltr'><strong>quod</strong></span> <span class='ocrx_word' id='word_1_191' title='bbox 1812 2951 1938 3046; x_wconf 87' lang='lat' dir='ltr'><strong>aque</strong></span> <span class='ocrx_word' id='word_1_192' title='bbox 2023 2956 2050 3021; x_wconf 90' lang='lat' dir='ltr'><strong>e</strong></span> <span class='ocrx_word' id='word_1_193' title='bbox 2095 3030 2101 3040; x_wconf 54' lang='grc'><strong>,</strong></span> 
     </span>
     <span class='ocr_line' id='line_1_24' title="bbox 542 3031 2049 3138; baseline 0.007 -10"><span class='ocrx_word' id='word_1_194' title='bbox 542 3035 716 3128; x_wconf 87' lang='lat' dir='ltr'><strong>vicinis</strong></span> <span class='ocrx_word' id='word_1_195' title='bbox 740 3032 991 3126; x_wconf 87' lang='lat' dir='ltr'><strong>montibus</strong></span> <span class='ocrx_word' id='word_1_196' title='bbox 1013 3031 1098 3124; x_wconf 92' lang='lat' dir='ltr'><strong>De</strong></span> <span class='ocrx_word' id='word_1_197' title='bbox 1133 3047 1307 3126; x_wconf 90' lang='lat' dir='ltr'><strong>uentcs</strong></span> <span class='ocrx_word' id='word_1_198' title='bbox 1342 3035 1393 3127; x_wconf 92' lang='lat' dir='ltr'><strong>in</strong></span> <span class='ocrx_word' id='word_1_199' title='bbox 1422 3034 1552 3129; x_wconf 84' lang='lat' dir='ltr'><strong>villis</strong></span> <span class='ocrx_word' id='word_1_200' title='bbox 1584 3037 2049 3138; x_wconf 83' lang='lat' dir='ltr'><strong>circumiacentibus.</strong></span> 
     </span>
    </p>
   </div>
   <div class='ocr_carea' id='block_1_7' title="bbox 496 3148 2052 3288">
    <p class='ocr_par' dir='ltr' id='par_1_10' title="bbox 496 3148 2052 3288">
     <span class='ocr_line' id='line_1_25' title="bbox 496 3148 2052 3288; baseline 0.006 -43"><span class='ocrx_word' id='word_1_201' title='bbox 496 3183 499 3190; x_wconf 75' lang='grc'><strong><em>’</em></strong></span> <span class='ocrx_word' id='word_1_202' title='bbox 543 3150 899 3288; x_wconf 75' lang='lat' dir='ltr'><strong>cooperiebant</strong></span> <span class='ocrx_word' id='word_1_203' title='bbox 940 3148 1137 3244; x_wconf 88' lang='lat' dir='ltr'><strong>Domos</strong></span> <span class='ocrx_word' id='word_1_204' title='bbox 1182 3165 1233 3243; x_wconf 89' lang='lat' dir='ltr'><strong>et</strong></span> <span class='ocrx_word' id='word_1_205' title='bbox 1261 3149 1457 3245; x_wconf 87' lang='lat' dir='ltr'><strong>horrea.</strong></span> <span class='ocrx_word' id='word_1_206' title='bbox 1498 3153 1837 3279; x_wconf 79' lang='lat' dir='ltr'><strong>submersaque</strong></span> <span class='ocrx_word' id='word_1_207' title='bbox 1882 3159 1948 3252; x_wconf 90' lang='lat' dir='ltr'><strong>est</strong></span> <span class='ocrx_word' id='word_1_208' title='bbox 1985 3161 2052 3255; x_wconf 91' lang='lat' dir='ltr'><strong>ibi</strong></span> 
     </span>
    </p>
   </div>
   <div class='ocr_carea' id='block_1_8' title="bbox 538 3383 2056 3985">
    <p class='ocr_par' dir='ltr' id='par_1_11' title="bbox 538 3383 2056 3985">
     <span class='ocr_line' id='line_1_26' title="bbox 544 3383 2050 3521; baseline 0.009 -43"><span class='ocrx_word' id='word_1_209' title='bbox 544 3399 595 3479; x_wconf 88' lang='lat' dir='ltr'><strong>et</strong></span> <span class='ocrx_word' id='word_1_210' title='bbox 637 3383 952 3486; x_wconf 81' lang='lat' dir='ltr'><strong>mulieribus.</strong></span> <span class='ocrx_word' id='word_1_211' title='bbox 988 3384 1281 3509; x_wconf 86' lang='lat' dir='ltr'><strong>peccoribus</strong></span> <span class='ocrx_word' id='word_1_212' title='bbox 1322 3399 1373 3479; x_wconf 89' lang='lat' dir='ltr'><strong>et</strong></span> <span class='ocrx_word' id='word_1_213' title='bbox 1414 3387 1644 3483; x_wconf 90' lang='lat' dir='ltr'><strong>iumentis</strong></span> <span class='ocrx_word' id='word_1_214' title='bbox 1727 3395 1812 3515; x_wconf 89' lang='lat' dir='ltr'><strong>qui</strong></span> <span class='ocrx_word' id='word_1_215' title='bbox 1847 3425 1923 3488; x_wconf 86' lang='lat' dir='ltr'><strong>arn</strong></span> <span class='ocrx_word' id='word_1_216' title='bbox 1967 3398 2050 3521; x_wconf 87' lang='lat' dir='ltr'><strong>qul</strong></span> 
     </span>
     <span class='ocr_line' id='line_1_27' title="bbox 541 3499 2056 3626; baseline 0.013 -32"><span class='ocrx_word' id='word_1_217' title='bbox 541 3502 811 3595; x_wconf 82' lang='lat' dir='ltr'><strong>euaserunt.</strong></span> <span class='ocrx_word' id='word_1_218' title='bbox 855 3499 1105 3626; x_wconf 85' lang='lat' dir='ltr'><strong>fugierunt</strong></span> <span class='ocrx_word' id='word_1_219' title='bbox 1135 3499 1200 3594; x_wconf 88' lang='lat' dir='ltr'><strong>ad</strong></span> <span class='ocrx_word' id='word_1_220' title='bbox 1229 3515 1424 3596; x_wconf 85' lang='lat' dir='ltr'><strong>montes</strong></span> <span class='ocrx_word' id='word_1_221' title='bbox 1456 3519 1507 3597; x_wconf 89' lang='lat' dir='ltr'><strong>et</strong></span> <span class='ocrx_word' id='word_1_222' title='bbox 1535 3519 1694 3601; x_wconf 85' lang='lat' dir='ltr'><strong>turres</strong></span> <span class='ocrx_word' id='word_1_223' title='bbox 1737 3521 1787 3602; x_wconf 87' lang='lat' dir='ltr'><strong>ct</strong></span> <span class='ocrx_word' id='word_1_224' title='bbox 1817 3511 2056 3613; x_wconf 80' lang='lat' dir='ltr'><strong>ecclesias.</strong></span> 
     </span>
     <span class='ocr_line' id='line_1_28' title="bbox 539 3615 2052 3756; baseline 0.009 -43"><span class='ocrx_word' id='word_1_225' title='bbox 539 3615 855 3714; x_wconf 83' lang='lat' dir='ltr'><strong>Postmodum</strong></span> <span class='ocrx_word' id='word_1_226' title='bbox 894 3645 1011 3710; x_wconf 91' lang='lat' dir='ltr'><strong>vero</strong></span> <span class='ocrx_word' id='word_1_227' title='bbox 1054 3617 1207 3711; x_wconf 87' lang='lat' dir='ltr'><strong>multa</strong></span> <span class='ocrx_word' id='word_1_228' title='bbox 1249 3648 1460 3742; x_wconf 87' lang='lat' dir='ltr'><strong>corpora</strong></span> <span class='ocrx_word' id='word_1_229' title='bbox 1490 3621 1743 3717; x_wconf 92' lang='lat' dir='ltr'><strong>hominum</strong></span> <span class='ocrx_word' id='word_1_230' title='bbox 1785 3627 1837 3721; x_wconf 94' lang='lat' dir='ltr'><strong>in</strong></span> <span class='ocrx_word' id='word_1_231' title='bbox 1868 3634 2052 3756; x_wconf 83' lang='lat' dir='ltr'><strong>campis</strong></span> 
     </span>
     <span class='ocr_line' id='line_1_29' title="bbox 540 3734 2053 3860; baseline 0.008 -30"><span class='ocrx_word' id='word_1_232' title='bbox 540 3750 592 3830; x_wconf 91' lang='lat' dir='ltr'><strong>ct</strong></span> <span class='ocrx_word' id='word_1_233' title='bbox 622 3734 842 3860; x_wconf 86' lang='lat' dir='ltr'><strong>abruptis</strong></span> <span class='ocrx_word' id='word_1_234' title='bbox 873 3736 1120 3827; x_wconf 91' lang='lat' dir='ltr'><strong>moncium</strong></span> <span class='ocrx_word' id='word_1_235' title='bbox 1153 3748 1203 3827; x_wconf 91' lang='lat' dir='ltr'><strong>et</strong></span> <span class='ocrx_word' id='word_1_236' title='bbox 1231 3749 1480 3859; x_wconf 88' lang='lat' dir='ltr'><strong>petrarum</strong></span> <span class='ocrx_word' id='word_1_237' title='bbox 1510 3737 1595 3832; x_wconf 87' lang='lat' dir='ltr'><strong>sub</strong></span> <span class='ocrx_word' id='word_1_238' title='bbox 1626 3741 1794 3837; x_wconf 83' lang='lat' dir='ltr'><strong>sabulo</strong></span> <span class='ocrx_word' id='word_1_239' title='bbox 1837 3759 1887 3838; x_wconf 89' lang='lat' dir='ltr'><strong>et</strong></span> <span class='ocrx_word' id='word_1_240' title='bbox 1910 3747 2053 3843; x_wconf 82' lang='lat' dir='ltr'><strong>hare·</strong></span> 
     </span>
     <span class='ocr_line' id='line_1_30' title="bbox 538 3851 2049 3985; baseline 0.009 -39"><span class='ocrx_word' id='word_1_241' title='bbox 538 3882 607 3946; x_wconf 89' lang='lat' dir='ltr'><strong>na</strong></span> <span class='ocrx_word' id='word_1_242' title='bbox 649 3867 842 3948; x_wconf 87' lang='lat' dir='ltr'><strong>mortua</strong></span> <span class='ocrx_word' id='word_1_243' title='bbox 883 3851 992 3944; x_wconf 83' lang='lat' dir='ltr'><strong>sunt</strong></span> <span class='ocrx_word' id='word_1_244' title='bbox 1030 3853 1244 3945; x_wconf 87' lang='lat' dir='ltr'><strong>inventa.</strong></span> <span class='ocrx_word' id='word_1_245' title='bbox 1304 3851 1537 3970; x_wconf 71' lang='lat' dir='ltr'><strong>Miserum</strong></span> <span class='ocrx_word' id='word_1_246' title='bbox 1579 3873 1684 3951; x_wconf 87' lang='lat' dir='ltr'><strong>erat</strong></span> <span class='ocrx_word' id='word_1_247' title='bbox 1721 3861 2049 3985; x_wconf 84' lang='lat' dir='ltr'><strong>spectaculum</strong></span> 
     </span>
    </p>
   </div>
   <div class='ocr_carea' id='block_1_9' title="bbox 372 3965 2045 4108">
    <p class='ocr_par' dir='ltr' id='par_1_12' title="bbox 372 3965 2045 4108">
     <span class='ocr_line' id='line_1_31' title="bbox 372 3965 2045 4108; baseline 0.01 -47"><span class='ocrx_word' id='word_1_248' title='bbox 372 4037 375 4042; x_wconf 14' lang='grc' dir='ltr'><strong>Δ</strong></span> <span class='ocrx_word' id='word_1_249' title='bbox 490 3966 722 4063; x_wconf 76' lang='lat' dir='ltr'><strong>-videre</strong></span> <span class='ocrx_word' id='word_1_250' title='bbox 762 3998 946 4092; x_wconf 90' lang='lat' dir='ltr'><strong>pueros</strong></span> <span class='ocrx_word' id='word_1_251' title='bbox 985 3965 1050 4062; x_wconf 91' lang='lat' dir='ltr'><strong>ad</strong></span> <span class='ocrx_word' id='word_1_252' title='bbox 1082 3967 1321 4064; x_wconf 88' lang='lat' dir='ltr'><strong>mamillas</strong></span> <span class='ocrx_word' id='word_1_253' title='bbox 1356 3985 1565 4068; x_wconf 88' lang='lat' dir='ltr'><strong>matrum</strong></span> <span class='ocrx_word' id='word_1_254' title='bbox 1604 3975 1899 4099; x_wconf 80' lang='lat' dir='ltr'><strong>pendentes.</strong></span> <span class='ocrx_word' id='word_1_255' title='bbox 1938 4016 2045 4108; x_wconf 87' lang='lat' dir='ltr'><strong>par·</strong></span> 
     </span>
    </p>
   </div>
   <div class='ocr_carea' id='block_1_10' title="bbox 465 4083 2165 4813">
    <p class='ocr_par' dir='ltr' id='par_1_13' title="bbox 534 4083 2048 4294">
     <span class='ocr_line' id='line_1_32' title="bbox 534 4083 2048 4294; baseline 0.012 -116"><span class='ocrx_word' id='word_1_256' title='bbox 534 4085 685 4294; x_wconf 33' lang='grc' dir='ltr'><strong>ἔθος</strong></span> <span class='ocrx_word' id='word_1_257' title='bbox 715 4085 768 4180; x_wconf 90' lang='lat' dir='ltr'><strong>in</strong></span> <span class='ocrx_word' id='word_1_258' title='bbox 799 4086 935 4179; x_wconf 86' lang='lat' dir='ltr'><strong>cunis</strong></span> <span class='ocrx_word' id='word_1_259' title='bbox 975 4086 1117 4213; x_wconf 85' lang='lat' dir='ltr'><strong>super</strong></span> <span class='ocrx_word' id='word_1_260' title='bbox 1146 4083 1303 4183; x_wconf 86' lang='lat' dir='ltr'><strong>vndas</strong></span> <span class='ocrx_word' id='word_1_261' title='bbox 1336 4087 1559 4186; x_wconf 86' lang='lat' dir='ltr'><strong>fluentes.</strong></span> <span class='ocrx_word' id='word_1_262' title='bbox 1603 4107 1654 4186; x_wconf 90' lang='lat' dir='ltr'><strong>et</strong></span> <span class='ocrx_word' id='word_1_263' title='bbox 1681 4124 1790 4191; x_wconf 90' lang='lat' dir='ltr'><strong>non</strong></span> <span class='ocrx_word' id='word_1_264' title='bbox 1817 4113 1925 4194; x_wconf 87' lang='lat' dir='ltr'><strong>crat</strong></span> <span class='ocrx_word' id='word_1_265' title='bbox 1962 4105 2048 4228; x_wconf 91' lang='lat' dir='ltr'><strong>qui</strong></span> 
     </span>
    </p>

    <p class='ocr_par' dir='ltr' id='par_1_14' title="bbox 465 4215 2165 4813">
     <span class='ocr_line' id='line_1_33' title="bbox 605 4215 2049 4444; baseline 0.015 -34"><span class='ocrx_word' id='word_1_266' title='bbox 605 4215 1010 4416; x_wconf 57' lang='lat' dir='ltr'><strong>mffilbblxxxvt</strong></span> <span class='ocrx_word' id='word_1_267' title='bbox 1039 4317 1152 4414; x_wconf 86' lang='lat' dir='ltr'><strong>Post</strong></span> <span class='ocrx_word' id='word_1_268' title='bbox 1179 4323 1486 4418; x_wconf 86' lang='lat' dir='ltr'><strong>natiuitatem</strong></span> <span class='ocrx_word' id='word_1_269' title='bbox 1517 4325 1727 4424; x_wconf 89' lang='lat' dir='ltr'><strong>Domini</strong></span> <span class='ocrx_word' id='word_1_270' title='bbox 1758 4299 1963 4444; x_wconf 86' lang='lat' dir='ltr'><strong>Comani</strong></span> <span class='ocrx_word' id='word_1_271' title='bbox 1996 4351 2049 4431; x_wconf 87' lang='lat' dir='ltr'><strong>et</strong></span> 
     </span>
     <span class='ocr_line' id='line_1_34' title="bbox 538 4437 2049 4548; baseline 0.011 -19"><span class='ocrx_word' id='word_1_272' title='bbox 538 4437 723 4530; x_wconf 86' lang='lat' dir='ltr'><strong>tartari.</strong></span> <span class='ocrx_word' id='word_1_273' title='bbox 753 4439 935 4531; x_wconf 90' lang='lat' dir='ltr'><strong>cumin</strong></span> <span class='ocrx_word' id='word_1_274' title='bbox 957 4440 1249 4534; x_wconf 85' lang='lat' dir='ltr'><strong>numerabili</strong></span> <span class='ocrx_word' id='word_1_275' title='bbox 1271 4441 1585 4540; x_wconf 90' lang='lat' dir='ltr'><strong>multitudine</strong></span> <span class='ocrx_word' id='word_1_276' title='bbox 1616 4448 1924 4546; x_wconf 87' lang='lat' dir='ltr'><strong>intrauerunt</strong></span> <span class='ocrx_word' id='word_1_277' title='bbox 1950 4453 2049 4548; x_wconf 75' lang='lat' dir='ltr'><strong>Vn</strong></span> 
     </span>
     <span class='ocr_line' id='line_1_35' title="bbox 536 4553 2044 4676; baseline 0.015 -33"><span class='ocrx_word' id='word_1_278' title='bbox 536 4553 735 4676; x_wconf 85' lang='lat' dir='ltr'><strong>gariam.</strong></span> <span class='ocrx_word' id='word_1_279' title='bbox 767 4569 819 4646; x_wconf 90' lang='lat' dir='ltr'><strong>et</strong></span> <span class='ocrx_word' id='word_1_280' title='bbox 846 4555 1151 4651; x_wconf 75' lang='lat' dir='ltr'><strong>uastauerant</strong></span> <span class='ocrx_word' id='word_1_281' title='bbox 1182 4589 1301 4652; x_wconf 84' lang='lat' dir='ltr'><strong>eam.</strong></span> <span class='ocrx_word' id='word_1_282' title='bbox 1334 4573 1387 4653; x_wconf 89' lang='lat' dir='ltr'><strong>ct</strong></span> <span class='ocrx_word' id='word_1_283' title='bbox 1416 4560 1704 4657; x_wconf 90' lang='lat' dir='ltr'><strong>occiderunt</strong></span> <span class='ocrx_word' id='word_1_284' title='bbox 1733 4581 1786 4660; x_wconf 90' lang='lat' dir='ltr'><strong>et</strong></span> <span class='ocrx_word' id='word_1_285' title='bbox 1808 4565 2044 4665; x_wconf 80' lang='lat' dir='ltr'><strong>Deduxel·</strong></span> 
     </span>
     <span class='ocr_line' id='line_1_36' title="bbox 465 4673 2165 4813; baseline 0.013 -50"><span class='ocrx_word' id='word_1_286' title='bbox 465 4759 468 4763; x_wconf 81' lang='grc'><em>,</em></span> <span class='ocrx_word' id='word_1_287' title='bbox 533 4683 651 4766; x_wconf 86' lang='lat' dir='ltr'><strong>runt</strong></span> <span class='ocrx_word' id='word_1_288' title='bbox 692 4699 756 4766; x_wconf 87' lang='lat' dir='ltr'><strong>ex</strong></span> <span class='ocrx_word' id='word_1_289' title='bbox 779 4699 846 4767; x_wconf 79' lang='lat' dir='ltr'><strong>ea</strong></span> <span class='ocrx_word' id='word_1_290' title='bbox 885 4673 937 4768; x_wconf 91' lang='lat' dir='ltr'><strong>in</strong></span> <span class='ocrx_word' id='word_1_291' title='bbox 957 4675 1291 4774; x_wconf 81' lang='lat' dir='ltr'><strong>numerabiles</strong></span> <span class='ocrx_word' id='word_1_292' title='bbox 1318 4676 1454 4778; x_wconf 78' lang='lat' dir='ltr'><strong>viros</strong></span> <span class='ocrx_word' id='word_1_293' title='bbox 1491 4693 1546 4778; x_wconf 85' lang='lat' dir='ltr'><strong>et</strong></span> <span class='ocrx_word' id='word_1_294' title='bbox 1570 4681 1820 4782; x_wconf 75' lang='lat' dir='ltr'><strong>mulieres.</strong></span> <span class='ocrx_word' id='word_1_295' title='bbox 1854 4703 1908 4781; x_wconf 89' lang='lat' dir='ltr'><strong>et</strong></span> <span class='ocrx_word' id='word_1_296' title='bbox 1933 4718 2043 4813; x_wconf 82' lang='lat' dir='ltr'><strong>par·</strong></span> <span class='ocrx_word' id='word_1_297' title='bbox 2160 4732 2165 4742; x_wconf 92' lang='lat'><strong>·</strong></span> 
     </span>
    </p>
   </div>
   <div class='ocr_carea' id='block_1_11' title="bbox 1837 4803 2051 4903">
    <p class='ocr_par' dir='ltr' id='par_1_15' title="bbox 1837 4803 2051 4903">
     <span class='ocr_line' id='line_1_37' title="bbox 1837 4803 2051 4903; baseline 0.014 -3"><span class='ocrx_word' id='word_1_298' title='bbox 1837 4803 1985 4901; x_wconf 82' lang='lat' dir='ltr'><strong>uulos</strong></span> <span class='ocrx_word' id='word_1_299' title='bbox 2042 4892 2051 4903; x_wconf 76' lang='lat'><strong>.</strong></span> 
     </span>
    </p>
   </div>
   <div class='ocr_carea' id='block_1_12' title="bbox 0 0 2364 6050">
    <p class='ocr_par' dir='ltr' id='par_1_16' title="bbox 0 0 2364 6050">
     <span class='ocr_line' id='line_1_38' title="bbox 0 0 2364 6050; baseline 0 5"><span class='ocrx_word' id='word_1_300' title='bbox 0 0 2364 6050; x_wconf 95' lang='lat' dir='ltr'><strong> </strong></span> 
     </span>
    </p>
   </div>
  </div>
 </body>
</html>
