4717 6050
115 1280 121 1289 ·
274 1257 456 1381 poldus
477 1260 599 1353 Dux
618 1257 812 1355 Austrie
847 1269 899 1351 et

706 464 1347 551 ΙεΗιωΝ.ΜετείηΑο.
1452 454 1457 461 ’
1579 563 1584 569 ,
1663 500 1740 577 ,μ

391 674 479 773 Μ’.
492 674 689 796 cc⁹.viij⁰.
719 670 980 811 Phiiippus
1000 698 1318 767 romanorum
1334 676 1438 767 reri
1463 690 1574 767 cum
1588 673 1789 801 expedi-
1835 666 1838 674 ’

172 843 174 847 -
204 886 207 890 ,
278 792 472 887 cionem
494 806 666 887 contra
681 786 965 887 Pruniwrch
979 803 1133 912 parat
1156 790 1329 929 iniquo
1341 790 1652 916 quorundam
1673 823 1789 887 con·

273 907 376 1003 iilio
407 910 697 1035 principum.
727 902 1056 1003 Pabenberch
1084 906 1157 1001 *ab
1188 905 1421 1031 episcopo
1450 907 1666 1004 eiusdem
1690 908 1790 1003 loci

177 1086 178 1091 κ
274 1024 522 1124 inuitatur.
565 1025 647 1122 Ab
683 1026 874 1121 Ottone
901 1018 1131 1116 Palatino
1163 1025 1358 1118 comite.
1390 1020 1512 1119 dolo
1537 1025 1790 1119 occiditur.

276 1154 327 1235 et
350 1143 521 1269 regina
553 1157 713 1239 morte
734 1143 839 1237 eius
864 1139 1064 1350 cognita
1097 1168 1187 1262 pre
1215 1138 1390 1236 dolore
1411 1141 1628 1236 moritur.
1687 1142 1790 1235 Ieu-
1954 1228 1966 1235 ,
2019 1219 2027 1227 .

958 1256 1083 1348 tirie.
1102 1254 1219 1348 zelo
1250 1254 1364 1349 fidei
1386 1256 1655 1350 succensus.
1681 1288 1793 1351 cum

273 1372 500 1497 pluribus
523 1372 776 1469 nobilibus
800 1386 930 1468 terre
952 1370 1035 1465 iue
1061 1368 1459 1467 inNewnburch.
1481 1372 1613 1498 [igno
1625 1372 1791 1468 sancte

273 1490 433 1585 erucis
464 1488 728 1625 insignitur.
787 1486 982 1583 Eodem
996 1516 1129 1581 anno
1151 1518 1216 1611 pe
1333 1492 1349 1545 ⁸·
1384 1490 1485 1583 atio
1511 1518 1792 1615 puerorum.

392 1606 627 1701 M⁰.cc.nc
662 1601 842 1698 Ottoni
859 1604 969 1731 regi
991 1601 1056 1697 ob
1081 1518 1400 1701 ‹2011an
1422 1608 1575 1731 regni.
1606 1604 1792 1700 filiarc·

272 1720 348 1845 gia
369 1717 591 1811 defuncti
613 1715 939 1843 desponsatur.
973 1776 976 1781 -
1002 1720 1127 1816 Otto
1152 1720 1408 1822 Palatinus
1431 1723 1498 1819 ob
1518 1754 1694 1818 necem
1715 1754 1792 1821 re·
1882 1814 1888 1823 .

240 1854 350 1955 „gis
370 1826 591 1960 Philippi
619 1864 674 1929 ca
712 1835 780 1932 ite
805 1848 1095 1934 truncatur·
1601 1918 1605 1925 .
1800 1854 1804 1862 ’

388 1942 624 2045 M⁰.cc.x⁰.
709 1966 784 2049 tto
808 1951 871 2051 de
891 1954 1192 2051 Prunswich.
1216 1954 1440 2051 Heinrici
1460 1958 1618 2056 Ducis
1640 1956 1791 2053 baba·

270 2059 345 2155 rie
378 2064 631 2187 quondam
665 2069 861 2197 expulsi.
905 2070 1033 2165 filius
1067 2072 1121 2165 in
1153 2102 1208 2165 re
1244 2104 1322 2167 em
1357 2073 1565 2197 eligitur,
1609 2074 1807 2196 etipse

269 2206 362 2303 per
380 2182 590 2309 ytaliam
612 2216 725 2282 erun
745 2218 808 2283 ex
843 2185 1075 2282 edicione
1096 2190 1205 2311 pac‘
1243 2220 1300 2288 ca
1319 2188 1580 2283 securitate
1602 2214 1793 2282 romam

269 2294 419 2420 usque
477 2301 696 2437 refectus
719 2302 782 2399 ab
804 2218 1108 2399 innocencio
1130 2334 1263 2432 papa
1281 2318 1553 2431 promotus.
1577 2303 1791 2429 Impera·

268 2420 351 2505 tor
376 2330 596 2511 eflicitur.
657 2420 783 2515 Otto
807 2420 1054 2549 prosperis
1076 2418 1363 2517 succeffibus
1383 2419 1671 2556 mirabiliter
1691 2419 1789 2556 ela·

269 2536 350 2621 tus
381 2528 611 2630 aduersus
631 2534 673 2631 F
673 2535 905 2631 ridricum
936 2567 1106 2663 regem
1125 2536 1312 2638 Sicilia,
1338 2537 1554 2661 apuliam
1574 2534 1788 2661 ingredi·

267 2652 359 2778 tur.
418 2645 658 2749 Pestilens
677 2652 856 2749 herefis
875 2653 1236 2750 Paterinorum.
1258 2682 1373 2746 cum
1393 2652 1637 2777 plurimos
1662 2651 1786 2745 chri·

112 2823 119 2835 ·
265 2753 404 2895 strani
421 2770 637 2865 nominis
660 2768 904 2895 serpendo
930 2783 1283 2895 corrumperet
1307 2782 1517 2863 auctore
1529 2767 1649 2864 Deo
1669 2797 1784 2894 pro·

264 2867 367 2971 dna
389 2878 467 2974 est.
500 2898 551 2977 et
574 2887 718 3006 varijs
741 2888 1003 2999 tormentis
1024 2885 1167 2981 multi
1187 2915 1361 2981 eorum
1383 2885 1561 2979 necati.

382 2994 632 3124 M⁰.cc.xj⁰.
674 3004 805 3100 ouo
822 3006 1096 3132 imperator
1121 3000 1245 3098 -dum
1276 3001 1643 3129 poiieffionibus
1663 3010 1781 3126 apo·

192 3195 200 3200 .
262 3105 440 3208 stolicis
478 3118 679 3214 ecclelia
707 3148 911 3217 romane
946 3125 1051 3216 iure
1076 3119 1286 3216 iurando
1307 3120 1560 3245 promiss'rs.
1591 3119 1781 3214 violen-

261 3240 339 3324 ter
380 3229 691 3356 postmodum
736 3236 967 3330 abutitur.
1008 3234 1070 3330 ab
1101 3237 1403 3333 innocencio
1429 3266 1581 3375 papa.
1607 3237 1779 3333 tercio

263 3351 608 3446 commonitus.
638 3381 733 3447 nec
745 3367 1009 3447 correctus.
1020 3351 1351 3447 anathematis
1361 3349 1779 3448 ammoducriione

260 3467 548 3586 percutitur.
608 3466 802 3563 Eodem
834 3498 968 3564 anno
995 3468 1138 3562 multi
1165 3467 1417 3594 principes
1449 3469 1793 3564 Orientalium.

264 3609 329 3677 ex
352 3580 597 3679 mandatis
626 3584 838 3680 Domini
854 3591 888 3681 'a
925 3584 1112 3682 ostolici
1142 3586 1402 3680 coniurant
1430 3583 1662 3679 aduersus
1687 3586 1797 3678 Ot··

261 3709 434 3792 tonem
456 3699 523 3792 im
560 3716 819 3798 aratorem.
875 3617 1140 3816 ¹Exercitus
1173 3702 1543 3796 sarracenorum
1573 3700 1640 3794 de
1669 3715 1779 3795 tota

258 3813 442 3910 Affrica
471 3825 531 3911 co
573 3831 711 3914 ectus
749 3849 860 3913 cum
881 3822 964 3914 suo
989 3849 1106 3945 rege
1131 3821 1254 3912 mari
1275 3818 1486 3914 traniito.
1517 3819 1668 3912 Fines
1691 3816 1777 3910 ali·

262 3960 389 4069 quos
413 3931 664 4062 Hyspanie
686 3937 934 4032 violenter
956 3936 1232 4060 occupauit
1264 3950 1316 4031 et
1335 3966 1479 4064 reges
1487 3932 1791 4028 christianos„

261 4076 442 4143 circum
479 4079 639 4176 uaque
669 4052 852 4180 portos
884 4053 965 4146 die
991 4063 1090 4180 quo
1128 4081 1192 4146 ue
1216 4052 1380 4147 futuri
1412 4053 1668 4156 conflictus
1692 4081 1774 4144 ex·

260 4164 416 4304 preiio
435 4081 643 4294 lirperbe
664 4171 972 4296 prouocauit.
1042 4083 1134 4266 Eii
1208 4169 1263 4310 is
1283 4171 1401 4265 lunc
1420 4169 1550 4266 iacta
1570 4165 1651 4266 en
1676 4197 1773 4293 que
1900 4220 1903 4226 ,

260 4280 425 4376 media
449 4303 612 4380 nocte.
642 4318 688 4382 x.
708 4284 950 4381 kalendas
971 4284 1171 4382 Nouem
1205 4317 1286 4381 na
1395 4331 1434 4361 ··
1587 4344 1592 4352 -
1715 4367 1721 4374 .

377 4395 671 4525 M⁰.cc⁰.xij⁰.
709 4405 862 4500 Anno
883 4402 1089 4499 milleno
1115 4404 1418 4500 Ducenteno
1442 4399 1713 4498 Duodeno.
1926 4519 1932 4523 ι

290 4555 295 4563 ·
508 4517 702 4646 Signati
723 4523 867 4647 pueri
890 4519 1078 4616 vadunt
1099 4521 1213 4616 ioca
1235 4521 1401 4616 sancta
1426 4520 1570 4615 tueri.
1765 4563 1768 4569 ’

262 4627 388 4724 otro
425 4632 695 4759 imperator
728 4637 789 4732 ab
825 4669 853 4732 a
890 4637 990 4731 ulia
1023 4637 1258 4765 prospere
1289 4668 1344 4733 re
1401 4637 1577 4735 editur.
1598 4665 1652 4732 re
1688 4637 1819 4732 ali-s
1856 4685 1861 4693 ·

260 4745 444 4888 busque
477 4754 667 4879 nupcijs
695 4755 833 4881 Brun
853 4755 994 4852 wiclr
1027 4754 1282 4889 magnifice
1310 4787 1366 4854 ce
1389 4755 1570 4854 ebratia
1596 4665 1770 4897 Fiiiam

1580 4899 1710 5001 regis
