4717 6050
392 428 493 541 .”
601 480 679 561 ‚a
995 514 1003 581 3
1112 467 1539 555 auonrnr

546 678 825 773 festinanter
848 674 911 771 ad
932 674 1152 799 reginam
1175 675 1284 769 sunt
1304 675 1508 803 ingreffi
1583 674 1832 771 Otakarns
1852 705 1941 773 rex
1958 675 2057 775 Bo·
2155 695 2168 714 “

476 798 477 801 ‘
544 797 709 890 hemic
728 790 808 889 die
833 794 986 888 tercia
1011 789 1262 919 postquam
1273 794 1545 891 exercitum
1555 792 1698 907 suum*
1710 791 1775 889 ad
1788 824 2056 895 numerum

544 914 631 1007 lx&
641 909 776 1005 milia
798 908 1143 1035 expeditorum
1165 910 1353 1006 inlimul
1383 910 1513 1006 colle
1547 908 1705 1006 illeti
1767 926 1908 1008 entes
1941 915 2056 1037 (fu-

539 1030 759 1241 gimelle
768 1029 981 1155 sequitur
1000 1028 1149 1153 usque
1174 1026 1444 1123 adflumen
1532 1028 1639 1125 ach.
1664 942 1837 1154 (bbg)
1867 1061 1973 1140 non
1991 1032 2058 1129 cll

545 1148 686 1243 visus·
762 1149 933 1270 inceps
954 1148 1263 1271 Vngarorum
1283 1146 1461 1272 aliquis
1484 1174 1609 1269 repu
1644 1146 1824 1243 nando.
1883 1149 2056 1277 ltaque

483 1334 488 1345 ·
544 1295 633 1361 rex
665 1262 906 1357 Bohemie
948 1293 1039 1388 per
1071 1264 1318 1391 integrum
1348 1262 1563 1357 mensem
1645 1263 1862 1392 ugullum
1904 1297 2059 1363 exea

386 1444 388 1458 ι
544 1396 686 1509 parte
708 1412 806 1506 qua
824 1378 872 1474 T
911 1412 1029 1475 e-rna
1051 1381 1072 1503 (
1093 1384 1258 1477 lit-nau
1314 1379 1518 1475 confiuit
1535 1381 1820 1509 in-Vngaria
1838 1384 2056 1523 (castra)

545 1512 830 1595 metauerat.
930 1530 1055 1595 onec
1087 1502 1222 1595 ciues
1326 1498 1671 1593 iennenles.et
1688 1530 1822 1595 noue
1845 1502 2056 1598 ciurtatis

547 1610 611 1712 ad
634 1614 768 1709 luum
790 1616 963 1711 lullum
985 1617 1147 1712 aulam
1169 1616 1447 1712 Polonium.
1471 1629 1522 1710 et
1544 1614 1744 1712 castrum
1764 1616 1828 1711 ad
1840 1618 2057 1713 sanctum

367 1842 372 1849 ,
546 1732 791 1831 Georium
814 1737 925 1829 cum
938 1736 1041 1830 alis
1054 1734 1417 1830 municionibus
1440 1763 1608 1859 pugna
1631 1750 1682 1830 et
1704 1735 1942 1830 machinis
1954 1737 2060 1854 De·

547 1853 786 1947 uicerunt.
845 1852 994 1947 Humi
1014 1855 1112 1947 iate
1139 1882 1260 1947 vero
1286 1853 1511 1945 ciuitates
1536 1868 1622 1948 aut
1641 1852 1944 1948 municiones
1969 1882 2059 1947 no·

547 1968 730 2065 bilibus
764 1968 932 2065 austrie
965 1970 1286 2065 collocantur.
1326 1967 1640 2094 Auliugitiuis
1670 1969 1873 2065 ciuibus
1901 1986 1954 2065 et
1975 2000 2059 2064 ex·
2355 2036 2357 2083 2

416 2188 422 2207 ὁ
547 2084 692 2213 pullis
712 2084 894 2181 rusticis
916 2084 979 2181 ad
992 2086 1318 2182 laborandum
1343 2100 1394 2181 et
1409 2085 1715 2181 seruiendum
1733 2086 1908 2183 statuto
1928 2089 2059 2213 prio·
2224 2174 2231 2181 .

288 2208 292 2219 '
547 2204 590 2299 ri
615 2200 850 2341 obsequio
881 2200 945 2299 ad
975 2206 1176 2329 propria
1209 2203 1371 2298 redire
1401 2202 1685 2299 uolentibus
1719 2202 1898 2299 edicto.
1929 2204 2059 2331 regis

545 2319 790 2415 Bohemre
823 2353 924 2445 pax
954 2338 1005 2416 et
1033 2325 1197 2447 gracia
1219 2318 1463 2418 Vniuerfis
1485 2322 1686 2445 publice
1710 2322 2058 2448 promulgatur.

547 2437 640 2532 His
680 2438 847 2564 itaque
882 2437 1117 2563 superatis
1161 2440 1290 2535 vltra
1322 2437 1611 2533 Danubium
1646 2470 1737 2564 per
1766 2453 1970 2564 pontem
2001 2438 2060 2533 li·

479 2560 485 2581 *
614 2572 731 2648 eum
756 2558 945 2682 magnis
967 2555 1249 2679 sumptibus.
1271 2586 1415 2648 nunc.
1440 2556 1775 2681 iiij⁰.tempore
1797 2559 1925 2682 regis
1939 2555 2060 2650 Ota·

434 2714 438 2727 ·
546 2584 656 2769 lili
677 2668 965 2765 constructo.
994 2669 1130 2798 quod
1151 2672 1419 2797 antiquitus
1436 2674 1513 2796 ‘in
1525 2673 1744 2769 auditum
1765 2672 1926 2769 fuerat
1981 2703 2059 2769 ro·

431 2836 435 2843 ·
519 2783 954 2917 'peRoelienliain
979 2787 1237 2883 castrorum
1260 2791 1392 2884 acies
1412 2791 1710 2912 pertranltijt
1732 2790 1877 2898 illicit
1934 2792 2061 2887 ''ter
2284 2891 2288 2902 ,

550 2932 723 3001 omnes
735 2906 1040 2999 municiones
1059 2906 1298 3000 machinis
1318 2921 1371 2999 et
1378 2936 1546 3034 pugna
1566 2907 1813 3003 fortidimc
1836 2908 1984 3040 ulque
2007 2914 2062 3004 in
2156 2998 2163 3007 .

550 3019 675 3118 Bab.
728 3016 841 3116 Rex
868 3022 964 3150 luo
987 3019 1210 3118 dominio
1243 3024 1530 3165 subiugauit.
1568 3024 1748 3153 ibique.
1786 3024 1843 3121 L.
1878 3028 2059 3123 milites

552 3169 662 3247 cum
692 3136 798 3270 lilio
828 3142 957 3265 'regis
988 3137 1231 3236 Bohemie
1266 3139 1433 3269 gladio
1468 3141 1577 3238 sunt
1607 3144 1828 3238 accincti.
1886 3140 2061 3240 Postea
2129 3168 2157 3229 ’.

550 3261 685 3352 iuxta
710 3257 942 3397 piscinam
963 3257 1146 3353 Vertse.
1174 3289 1348 3354 omnes
1368 3262 1676 3355 municiones
1700 3260 1961 3388 absquepu
1996 3293 2061 3357 na

370 3479 372 3484 ,
549 3375 597 3469 fe
619 3405 724 3501 reg1
753 3373 817 3469 ob
841 3390 1024 3470 metum
1052 3375 1449 3473 humiliauerunt.
1500 3378 1800 3503 Sopronium
1831 3378 1925 3474 liue
1961 3290 2060 3476 δεῖ·

551 3490 806 3586 denburch
838 3492 1031 3588 vallata.
1064 3493 1178 3611 xiiij.
1216 3495 1468 3590 machinis.
1502 3491 1787 3620 diuerlaque
1821 3499 2060 3624 inpugna·

551 3608 696 3705 cione
733 3607 797 3702 ad
831 3609 1207 3704 inclinationem
1239 3615 1345 3738 regi
1381 3611 1604 3707 Otaltaro
1638 3610 1703 3704 est
1734 3629 1916 3708 coacta.
1994 3646 2056 3709 ue

459 3743 464 3754 '
554 3727 703 3821 etiam
723 3723 920 3852 prestito
941 3729 1218 3822 iuramento
1239 3729 1478 3855 Datisque
1500 3728 1766 3823 heredibus
1796 3733 1847 3822 in
1871 3649 2060 3827 oblllles

588 3875 726 3938 acem
747 3858 798 3938 et
820 3843 1048 3940 iusticiam
1070 3842 1263 3939 Cinium
1286 3846 1557 3941 australium
1581 3849 1633 3940 in
1654 3846 1882 3941 omnibus
1907 3849 2059 3975 Regis

550 3873 793 4056 bohemie
817 3977 1122 4099 acceptoque
1145 3963 1406 4091 priuilegio
1430 3964 1689 4057 consecuta
1710 3962 1787 4058 est
1820 3979 1870 4058 et
1892 3967 1950 4064 lic
1971 3997 2061 4060 rex

552 4075 805 4172 Bohemie'
864 4079 914 4172 ui
944 4110 1053 4173 1am.
1086 4081 1148 4174 im
1176 4079 1467 4176 ebdomadis
1499 4082 1552 4173 in
1580 4081 1794 4205 Vngaria
1840 4099 2062 4179 sotenter

495 4317 497 4322 Ι
527 4109 987 4300 ,metatteratlanus
1015 4211 1066 4292 et
1090 4197 1353 4293 incolumis
1376 4195 1544 4292 diuina
1567 4195 1768 4291 fauente
1790 4113 2061 4315 clemencia

554 4310 617 4404 ad
641 4342 732 4437 pro
770 4315 841 4408 ria
864 4312 929 4408 est
948 4312 1183 4409 reuersus.
1213 4315 1407 4413 Tcwen
1419 4311 1747 4408 Prodarllorff.
1761 4319 2060 4442 purchpach.

553 4444 606 4524 et
632 4426 696 4523 ad
735 4435 928 4525 anetam
952 4447 1273 4559 margaretam
1297 4434 1604 4528 municiones
1629 4432 1737 4525 lunt
1758 4430 2006 4529 destructe.

671 4548 795 4640 Item
821 4547 1012 4643 Eodem
1034 4578 1164 4644 anno
1194 4552 1357 4646 menle
1385 4549 1593 4644 Octobri
1611 4545 1857 4646 liudolfus
1880 4550 2059 4649 Comes

555 4661 618 4757 de
653 4662 954 4803 Habilpurch
987 4668 1040 4762 in
1069 4695 1236 4808 regem
1264 4697 1579 4804 romanorum
1596 4669 1649 4805 ‚a
1685 4665 2061 4807 udoFranchen·

378 4833 380 4836 ·
424 4849 428 4854 -
552 4779 696 4878 luert.
722 4783 905 4878 auxilio
937 4783 1138 4886 ludwici
1164 4784 1370 4885 Comitis
1396 4784 1623 4883 Palatrm.
1696 4813 1791 4884 em.
1815 4786 2060 5000 hcetlma·

1093 4983 1094 4986 κ
1960 4935 2001 5001 ts
