4717 6050
821 373 1316 516 oar'scvca
1674 462 1751 545 409
1859 395 1913 454 ·’

30 736 32 756 ,
95 629 98 637 ’
285 638 496 757 ῦετῆρη’
517 633 780 739 construxit
823 641 924 760 Qui
947 636 1225 735 Ottakerus
1240 637 1338 730 iam
1359 633 1462 731 dux
1479 641 1802 771 factuslepra
1884 704 1888 710 ·

55 769 57 774 ’
281 760 508 893 perfusus
542 762 642 854 cito
675 759 883 885 moritur
915 773 966 851 et
997 755 1232 851 ducatum
1255 754 1496 964 leofoldo
1522 758 1624 855 filio
1648 763 1800 857 Hain·

284 882 376 974 rici
405 876 541 972 ducis
567 876 737 971 austrie
769 874 967 998 delegat
1004 872 1106 992 Qui
1128 872 1311 965 scilicet
1356 875 1602 995 copoldus
1621 877 1799 973 Richa-

284 999 411 1091 rium
441 994 764 1133 (Richardum)
787 1022 955 1130 regem
978 990 1141 1128 anglie
1170 1003 1290 1201 agur
1308 990 1579 1085 Wiennam·
1597 998 1798 1119 capiens

282 1112 523 1213 Hainnco
546 1110 657 1212 filio,
670 1108 910 1203 Fnderrci
929 1106 1133 1202 tradrdit
1154 1106 1205 1198 su
1258 1105 1393 1199 lucio
1413 1138 1545 1232 papa
1564 1111 1631 1206 Et
1659 1113 1799 1207 theo·

284 1225 438 1325 baldo
462 1228 696 1353 episcopo
719 1228 849 1320 circa
867 1255 1047 1320 annum
1072 1223 1262 1318 domini
1280 1222 1351 1316 Μ.
1364 1253 1489 1317 cxc.

163 1449 168 1463 ,
399 1344 472 1438 M.
487 1374 556 1437 cc.
568 1345 696 1465 xxxj.
726 1342 993 1439 Ludwicus
1016 1342 1136 1434 Dux
1155 1340 1649 1463 bawarieaquodam
1662 1344 1803 1470 igno.

30 1470 32 1493 ⁸
280 1476 336 1557 to
359 1460 564 1555 homine
588 1477 708 1586 aput
731 1461 944 1557 Kelham
968 1457 1139 1555 Cultro
1164 1460 1418 1585 perimitur
1438 1471 1489 1581 et
1508 1473 1616 1554 otto
1640 1463 1680 1579 ej
1701 1462 1799 1557 suc·
1931 1460 1980 1517 s
2023 1516 2028 1527 ·

281 1577 419 1673 cedit
450 1575 577 1671 filius
611 1578 715 1673 eius
785 1576 873 1672 Iste
905 1574 1148 1671 ludwicus
1183 1574 1326 1702 plura
1356 1572 1505 1668 castra
1537 1578 1801 1674 construxit

285 1711 338 1788 ct
371 1694 596 1788 ciuitates
635 1698 844 1790 muniuit
874 1697 926 1788 in
961 1698 1195 1791 wawarie
1255 1692 1381 1785 Item
1416 1694 1652 1790 consenlit
1685 1690 1803 1791 duci·

215 1888 224 1891 -
285 1808 454 1906 austrie
483 1812 723 1935 leopoldo
756 1827 812 1906 vt
840 1810 1040 1906 castrum
1069 1808 1347 1933 Scherding
1371 1809 1701 1906 construxerit.
1780 1922 1783 1927 ¹
1827 1858 1830 1862 ¹

86 2000 89 2006 Δ
129 2018 134 2023 ,
397 1926 635 2023 M.cc.xl..
653 1932 788 2024 ‘Otto
824 1927 924 2022 dux
958 1928 1209 2021 Wawarie
1245 1927 1417 2065 genuit
1447 1925 1715 2021 ludwicum
1747 1947 1801 2025 et

277 2042 570 2141 Hainricum
603 2047 704 2165 Qui
738 2044 918 2139 deinde
952 2043 1219 2165 bawariam
1251 2072 1306 2137 1n
1334 2039 1460 2133 duos
1527 2046 1650 2137 rinei
1688 2060 1805 2139 atus.

142 2278 144 2281 Ι
275 2160 508 2371 ξυῐιίεητιιπ
535 2170 690 2289 aliqua
713 2168 951 2285 amssafui
983 2162 1028 2283 e)
1069 2160 1259 2267 cunctis
1282 2156 1465 2252 diebus·
1535 2176 1681 2255 ter-e
1707 2161 1806 2256 dis·-

30 2294 34 2335 ⁹
142 2315 148 2325 ·
296 2278 527 2371 ¹enserunt
560 2296 757 2373 mortuo
792 2295 932 2405 patre
967 2280 1066 2371 suo.
1110 2278 1302 2371 Horum
1337 2279 1520 2401 primus
1551 2275 1803 2375 ludwicus·

30 2414 34 2439 '
209 2392 219 2405 ’
271 2394 476 2488 fortitus
510 2395 574 2488 cll
642 2410 770 2489 artes
800 2397 1030 2491 wawarie
1064 2398 1194 2489 circa
1222 2393 1421 2488 Renum
1457 2427 1573 2489 cum·
1592 2398 1804 2491 nomine⁴

143 2614 144 2617 Ν
243 2572 246 2577 -
276 2509 523 2633 palantini
546 2512 566 2633 (
615 2514 809 2634 alut-ini)
840 2515 906 2607 Et
925 2540 1133 2610 vxorem
1155 2512 1286 2605 suam
1308 2513 1588 2605 criminatus
1606 2510 1799 2607 fallaci·

30 2636 31 2647 '
275 2640 355 2718 'cer
385 2628 634 2743 interfecit
667 2660 763 2753 que
796 2660 928 2722 nunc
961 2628 1208 2723 miraculis
1230 2627 1396 2720 multis
1432 2628 1598 2724 claret.
1627 2629 1794 2755 postea

276 2738 417 2834 duxit
437 2740 584 2869 liliam
608 2744 809 2839 nudolfi
831 2748 961 2871 regis
994 2746 1060 2837 Et
1083 2774 1146 2839 ex
1173 2774 1238 2837 ea·
1254 2746 1426 2868 genuit·
1447 2748 1575 2839 inter
1597 2762 1804 2846 ceteros-

276 2856 528 2952 rudolfum
562 2862 748 2954 scilicet
780 2878 831 2955 et
858 2861 1126 2957 ludwicum
1196 2862 1245 2952 ui
1269 2890 1400 2953 nunc
1423 2878 1637 2987 regnant·
1689 2862 1797 2975 Ru·
1888 2909 1890 2912 ·

273 2971 439 3097 dolfus
471 2976 616 3072 duxit
640 2976 789 3072 filiam
819 2984 945 3105 regis
972 2974 1122 3072 adolfi
1179 2977 1303 3071 lter
1323 2976 1508 3074 scilicet
1526 2980 1799 3106 Heinricus

274 3089 482 3228 possedit
503 3095 771 3188 Inferiores
793 3111 959 3218 partes
987 3097 1219 3188 wawarie
1246 3097 1374 3187 circa
1397 3127 1546 3189 enum
1570 3129 1679 3191 cum
1700 3129 1800 3192 nov

271 3236 404 3300 mme
428 3209 566 3303 ducis
591 3209 724 3303 etde
740 3239 893 3304 uxore
915 3209 1012 3303 lilia
1027 3205 1179 3332 (forte
1200 3209 1328 3303 filios
1347 3211 1429 3303 vel
1447 3211 1599 3421 filiag
1619 3218 1795 3341 genuit.

272 3327 403 3416 inter
436 3339 627 3420 ceteros
655 3321 898 3421 Oti-ouem
929 3341 982 3419 et
1003 3322 1271 3418 Stcffanum
1305 3325 1531 3443 Quorum
1603 3328 1797 3447 ttordu·

268 3442 342 3536 xit
380 3439 530 3535 filiam
583 3444 801 3564 (videtur
842 3445 1016 3570 aliquid
1051 3447 1242 3562 omgffum
1268 3443 1299 3564 )
1378 3443 1512 3539 osten¹
1549 3443 1798 3540 defuncto-

270 3557 491 3654 Steffano
519 3589 636 3688 rege
653 3561 852 3684 ungarie
918 3585 1070 3654 enero
1103 3558 1298 3654 Alberti
1363 3563 1464 3654 ucis
1490 3560 1676 3656 Austrie
1703 3563 1795 3656 eli·
1893 3571 1897 3578 ’

262 3677 395 3800 gitur
426 3675 508 3788 lbi·
535 3679 586 3770 in
618 3706 784 3804 regem
820 3591 922 3771 Sei
951 3677 1090 3771 breui
1118 3693 1344 3801 tempore
1376 3709 1589 3803 regnans
1620 3709 1798 3774 reucr·
1903 3707 1908 3712 ’

262 3795 390 3885 uitur
417 3793 474 3885 inv
490 3792 754 3890 bawariam
786 3793 972 3890 cedens
1039 3791 1225 3888 orvidie
1250 3825 1561 3923 vngarorum.
1592 3795 1785 3894 Defun-

260 3915 568 4036 cta·,quoque
598 3912 806 4038 coniuge
834 3911 974 4006 duxit
995 3823 1142 4005 liliam
1167 3911 1307 4006 ducis
1341 3917 1419 4035 (de
1449 3914 1703 4036 Glogouia)
1721 3913 1784 4007 de

259 4043 364 4156 iqua
394 4031 565 4165 genuit
589 4027 739 4122 lilium
774 4033 857 4153 qui
881 4029 1014 4138 aduc,
1029 4059 1160 4153 puer·
1175 4027 1241 4122 est
1265 4030 1509 4125 Steffanus
1538 4061 1660 4124 vero
1686 4031 1786 4123 ele·

260 4159 375 4238 ctus
406 4177 458 4238 rn
490 4147 770 4272 episcopum
801 4145 1233 4272 Salczburgensem
1273 4144 1384 4243 Sed.
1408 4179 1437 4242 a
1460 4179 1590 4274 papa
1614 4179 1791 4271 repro·-

261 4259 412 4356 -batus
463 4263 601 4358 duxit
645 4294 854 4366 uxorem
900 4263 1116 4357 filiam-1·
1182 4317 1202 4338 ·
1273 4318 1293 4340 ·
1363 4263 1425 4358 de
1471 4295 1569 4390 qua
1613 4266 1784 4388 genuit

264 4375 553 4474 Heinricum
604 4396 655 4474 et
695 4383 937 4475 Ottonem
993 4384 1077 4506 qui
1118 4377 1469 4476 adolescentes
1502 4380 1628 4474 aduc
1661 4382 1791 4477 sunt.⁴

259 4494 357 4590 llis
382 4497 688 4621 temporibus
712 4500 905 4622 Imperij
932 4499 1176 4592 electores
1201 4501 1315 4623 'post
1337 4500 1619 4610 Hainricum
1645 4499 1781 4592 Inter

260 4613 311 4705 fe
337 4611 670 4710 discordantes
686 4615 944 4742 elegerunt
961 4617 1152 4710 duosre
1190 4648 1250 4710 es.
1267 4615 1484 4736 Quidam
1504 4614 1788 4740 predictum.

108 4759 118 4769 ·
261 4727 705 4840 ludwicumfilium
724 4733 925 4832 ludwici
947 4732 1126 4828 ducem
1204 4737 1297 4832 eni.
1330 4732 1778 4857 QuidamBrideri·

278 4985 284 4994 .
326 4853 419 4948 Vol.
443 4853 514 4945 II?
998 4851 1039 4950 F
1052 4848 1107 4946 ff
1331 4906 1354 4961 4
1567 4944 1570 4953 ,
1609 4881 1720 4945 oum
