4717 6050
622 436 703 531 ,a
969 430 1061 509 ,π
1121 352 1760 509 scuarr'ovrrrr.

569 633 657 733 vbi
677 630 743 729 est
771 628 896 741 deus
920 658 1092 729 eorum
1111 627 1244 731 facta
1280 658 1342 725 ue
1371 656 1499 727 voce
1530 629 1595 727 ad
1615 658 1754 747 eum,
1783 627 1865 729 Ne
1882 634 2087 753 timeae,

567 750 657 854 sed
692 751 890 875 surgens
919 779 1072 877 perge
1103 660 1278 845 consid
1424 866 1434 885 .

569 867 763 995 prelum
801 865 989 963 tuosam
1028 865 1298 963 audaciam
1383 863 1596 994 Srgnans
1639 894 1759 963 ero
1799 866 1847 961 se
1889 868 2080 967 vindice

567 989 728 1121 erucis
759 900 1003 1126 dgnaculo
1036 983 1311 1124 constanter
1338 982 1669 1122 improperat,
1762 1012 1987 1111 yranno,
2034 1000 2086 1085 et

553 1101 710 1233 ‚quod
745 1102 967 1201 inruslum
998 1115 1168 1228 ageret
1207 1097 1468 1215 rudrcrum,
1506 1099 1666 1196 missus
1697 1100 1762 1197 ad
1802 1102 2086 1201 saluandum

569 1220 831 1349 perderet,
857 1235 911 1315 et
928 1248 1054 1345 quos
1078 1220 1207 1316 tueri
1231 1217 1464 1332 deberet,
1494 1231 1548 1313 et
1577 1248 1702 1343 quos
1732 1214 1907 1315 fouere
1940 1220 2081 1317 iussus

376 1318 379 1327 ¹
457 1406 501 1429 -.
571 1337 664 1453 est,
696 1368 784 1434 eos
804 1333 1130 1462 proscriberet
1148 1336 1339 1449 ‘exilio,
1370 1335 1433 1433 ad
1470 1365 1618 1461 quem
1647 1335 1908 1452 Eudonos,
1937 1336 2082 1432 Tune

571 1488 627 1551 es
648 1455 742 1583 ille
754 1454 977 1596 garrulus
998 1482 1146 1578 quem
1166 1452 1420 1548 Christiani
1440 1451 1576 1547 suum
1607 1452 1864 1578 appellant
1893 1453 2093 1580 pontifi-

502 1646 512 1668 .
569 1604 692 1669 cem.
705 1575 808 1685 Art,
819 1600 913 1699 ego
925 1571 1026 1668 surn
1039 1570 1145 1667 Iesu
1157 1568 1702 1669 Christiseruus'vtinam
1716 1570 1766 1665 di
1799 1601 1904 1667 nus.
1920 1572 2090 1692 Quum·

570 1690 800 1788 autemT
862 1690 1046 1783 annusi
1083 1687 1183 1781 sum
1198 1687 1262 1782 de
1274 1686 1561 1783 seductione
1573 1689 1751 1827 populi
1761 1601 1905 1813 dulus
1915 1691 2088 1810 patrie

571 1838 776 1947 arguere
829 1820 978 1942 atque
1007 1802 1058 1899 fa
1130 1834 1265 1921 cern,
1309 1818 1363 1899 vt
1391 1804 1577 1903 relictio
1606 1804 1701 1903 dne
1730 1805 2085 1900 immortalibus

569 1924 765 2023 crudam
798 1920 1030 2019 crucifixo
1060 1924 1279 2019 ceruices
1308 1922 1572 2018 inclinaret
1584 1937 1751 2020 mente
1772 1920 1960 2019 vesana.
1988 1920 2082 2017 ste·
2265 1917 2271 2028 ξ

570 2042 771 2169 spondit
807 2038 946 2137 idola
984 2053 1071 2135 tua
1110 2040 1408 2139 immortalia
1450 2038 1601 2153 dicis,
1672 2042 1787 2164 quia
1834 2070 2079 2165 nunquam

446 2195 459 2235 ¹
572 2163 874 2273 morientur,
912 2158 1028 2253 sicut
1057 2186 1224 2297 neque
1262 2158 1414 2255 vitam
1452 2156 1759 2272 habuerunt,
1797 2186 1951 2295 opera
1989 2186 2083 2251 rna·
2254 2239 2260 2260 .

569 2288 728 2373 'nuum
760 2276 1042 2389 horninum,
1073 2306 1158 2402 qur
1190 2274 1309 2371 eiss
1338 2276 1502 2369 iritum
1526 2273 1753 2370 conferre
1775 2302 1975 2369 mrnrme
1997 2303 2080 2399 po·

577 2409 803 2510 ruerunt,
861 2394 930 2489 Et
969 2390 1088 2487 dum
1129 2392 1274 2520 plura
1301 2306 1368 2487 de
1398 2394 1691 2490 inuentione
1720 2387 1967 2489 idolorum
1997 2389 2086 2485 dis·

571 2511 811 2629 seruisset,
839 2513 991 2606 iratus
1020 2508 1292 2635 Tyrannus
1328 2510 1427 2625 ait,
1470 2510 1603 2630 Quia
1636 2507 1783 2605 deum
1813 2508 2027 2605 Martem
2054 2538 2086 2603 a

609 2658 675 2726 uo
704 2644 813 2726 tota
842 2626 1007 2724 salutis
1039 2628 1102 2723 de
1142 2626 1297 2749 audet
1324 2626 1526 2740 fiducia,
1557 2629 1839 2765 (concretae)
1871 2626 2013 2723 restat
2033 2638 2090 2721 vt

572 2662 658 2847 llbi
688 2744 1004 2842 sacrificando
1035 2748 1087 2872 ip
1110 2778 1194 2839 um
1211 2744 1310 2841 tibi
1340 2745 1661 2859 reconcilier,
1691 2758 1777 2838 aut
1808 2743 1962 2867 ipsum
2000 2758 2086 2837 tuo

571 2868 806 2990 sanguine
848 2861 1070 2988 placabis
1100 2862 1263 2987 capite
1309 2861 1598 2999 supputato,
1656 2860 1765 2956 Iulli
1792 2859 1939 2987 igitur
1968 2862 2087 2955 mili·

572 2998 651 3081 tes
681 2982 834 3114 ipsum
852 2978 929 3073 ad
957 2978 1201 3106 templum
1229 2976 1409 3074 Martis
1438 2976 1729 3093 adducunt,
1777 2994 1828 3075 et
1866 2977 1982 3073 dum
2022 2979 2086 3074 sa·

574 3097 790 3212 crisicare
823 3096 1150 3209 detrectaret,
1211 3109 1351 3190 extra
1392 3125 1559 3192 muros
1601 3094 1817 3221 Celegiae
1857 3126 1951 3222 pro
1992 3093 2088 3192 fide

575 3214 747 3311 Christi
776 3214 945 3340 gladio
1013 3214 1247 3307 ercutitur
1277 3227 1329 3309 et
1360 3214 1466 3307 eius
1496 3229 1646 3338 eaput
1684 3227 1965 3354 amputatur
2006 3243 2089 3310 an·

465 3395 468 3402 ·
571 3363 642 3430 no
674 3333 864 3428 domini
896 3245 1585 3470 CClllllllVlll.·poslquam
1615 3347 1670 3428 vt
1734 3329 1998 3428 urbuedam
2022 3334 2090 3427 vi·

570 3453 673 3546 sum
716 3448 782 3545 est
821 3452 951 3545 circa
989 3463 1163 3574 vrgrntr
1204 3477 1367 3544 aanor
1409 3445 1656 3544 ioelioiter
1699 3362 2091 3546 laureacensem

608 3569 866 3664 ubernauit
895 3568 1240 3690 metropolim,
1269 3563 1474 3660 sedente
1504 3567 1656 3662 beato
1686 3565 1827 3664 Gaio
1860 3567 1997 3694 Papa
2036 3569 2090 3662 in

571 3599 801 3784 llomana
831 3681 970 3799 sede,
1001 3682 1153 3779 Cuius
1183 3713 1368 3809 eorpus·
1395 3681 1460 3776 ad
1489 3683 1795 3781 Laureacum
1816 3683 1911 3780 fuit
1932 3699 2092 3778 trans-

572 3808 753 3916 latum,
782 3799 949 3927 postea
978 3829 1070 3926 per
1099 3801 1299 3896 beatum
1337 3799 1614 3924 Rupertunr
1652 3805 1836 3900 Archia
1872 3793 2090 3927 isoopum
2129 3863 2134 3868 -

573 3919 1026 4047 saltzburgensem,
1058 3948 1121 4013 ex
1150 3917 1407 4015 Laureaeo
1438 3919 1491 4011 in
1520 3918 1801 4034 Patauiam‚
1833 3836 1988 4015 Euius
2012 3949 2088 4014 re·
2152 3941 2156 3946 ’

572 4041 740 4164 liquiae
769 4069 901 4132 nune
931 4038 1126 4135 honore
1156 4066 1338 4164 magno
1366 4034 1551 4131 ibidem
1581 4038 1827 4155 habentur
1857 4053 1909 4133 et
1937 4067 2087 4140 vene·

576 4173 759 4252 rantur.
818 4235 822 4242 .
1229 4224 1233 4232 ·
1486 4196 1493 4244 r
1537 4229 1543 4243 .

689 4270 1077 4369 Laureaeensem
1103 4261 1354 4377 ecclesiam
1384 4270 1493 4396 quis
1508 4271 1831 4372 instructurus
1850 4272 1956 4402 poll
1973 4271 2089 4369 Phi-

571 4391 760 4516 lippum
775 4395 839 4485 im
879 4404 1122 4485 oratorem
1136 4391 1344 4510 primum
1358 4390 1487 4482 inter
1498 4419 1733 4488 romanos
1744 4390 2087 4516 regestrisli·

574 4539 722 4602 anum
746 4424 1054 4622 fundauerit,
1086 4509 1168 4604 vel
1206 4539 1315 4602 eam
1338 4506 1571 4645 princepe
1595 4514 2007 4624 manutenuerit,
2036 4512 2091 4606 in

572 4622 1015 4749 temporalibusde
1040 4640 1176 4718 certo
1200 4623 1486 4752 usquedum
1511 4625 1629 4723 rnde
1657 4632 1922 4755 satagerem
1948 4659 2090 4752 repe·

571 4747 667 4842 rire
681 4775 791 4848 non
807 4745 982 4874 potui,
1010 4743 1128 4848 licut
1147 4757 1199 4844 et
1220 4746 1330 4874 quis
1347 4742 1455 4870 poll
1476 4743 1674 4844 beatum
1696 4748 2087 4846 Maximilianum

1851 4863 2135 4964 Arent·

1269 760 1436 861 enter,
1465 761 1520 843 vt
1549 745 1826 848 confundar
1856 748 2085 891 Tyranni
2153 771 2157 781 '
