4717 6050
434 576 506 609 .,
573 626 593 645 Ἰ
763 446 1397 599 eunouausrarac.
1588 478 1592 485 ’
1693 471 1824 616 259⁴
1894 620 1898 629 Ι

314 723 490 846 Codex)
522 721 607 847 qui
627 717 720 814 fuit
735 720 1020 847 capitaneus
1043 716 1240 815 ibidem.
1261 715 1483 832 robustus
1504 732 1559 811 el
1575 719 1818 814 animosus

311 838 455 936 valde
491 871 548 961 ca
583 854 662 933 tus
699 836 777 931 cst.
819 851 871 930 et
902 868 1013 931 cum
1038 866 1099 930 eo
1124 836 1366 930 nobilium
1397 836 1476 953 alij
1505 836 1820 1047 quamplures

46 1021 59 1045 .
146 1034 151 1045 ,
311 974 365 1053 et
388 959 492 1049 ina
559 958 681 1048 riam
705 954 988 1048 introducti.
1071 954 1197 1047 Item
1219 951 1469 1078 predictus
1494 980 1614 1046 vero
1682 982 1867 1060 omes,

311 1070 539 1200 Egidius..
556 1103 661 1165 non
692 1102 792 1196 per·
813 1069 1029 1163 medium
1051 1100 1242 1163 annum·
1263 1100 1573 1195 permanens.
1598 1074 1820 1192 quamuis

312 1222 342 1284 a
360 1189 500 1284 nullo
531 1189 614 1283 uel
638 1218 834 1327 aroge..
853 1189 949 1308 (uel
967 1189 1019 1309 a)
1043 1188 1136 1279 suis
1162 1186 1406 1310 aliquibus
1439 1217 1557 1280 num
1595 1217 1706 1279 uam
1737 1215 1821 1310 pe·

314 1309 458 1401 nitus,
473 1306 589 1401 esset
606 1306 734 1399 lesus
758 1338 811 1399 rn
832 1321 1012 1399 terram
1033 1309 1295 1429 propriam,
1326 1302 1520 1399 scilicet
1573 1305 1820 1429 ngariam.

314 1424 513 1518 confuse
540 1454 595 1515 ac
619 1422 814 1548 p'ellime
839 1421 903 1515 est
927 1422 1159 1514 reuersus.
1190 1418 1468 1545 predictum
1495 1419 1706 1515 castrum.
1737 1420 1821 1513 sci·

313 1540 433 1635 licet
456 1539 742 1663 Prespurch.
776 1540 880 1657 alijs
901 1539 1123 1662 Vngarijs
1156 1551 1208 1631 et
1234 1533 1500 1630 Chomani's
1522 1536 1823 1633 recommisit.

311 1656 577 1751 Sciendum
618 1654 754 1780 quod
776 1654 881 1781 post
904 1654 1091 1751 obitum
1116 1654 1306 1747 domini
1327 1652 1535 1758 Fridrici
1556 1655 1823 1776 imperato·

312 1777 379 1867 ris
409 1774 611 1867 secundi
639 1792 959 1867 romanorum
986 1770 1278 1866 invictissimi
1310 1771 1467 1864 hucus
1495 1802 1557 1865 ue
1589 1771 1825 1866 videlicet
1989 1855 1992 1864 .

313 1888 430 1983 dum
460 1888 522 1983 ad
546 1906 778 2016 tempora
803 1890 1014 1984 Domini
1038 1887 1139 1981 Gre
1177 1889 1275 2006 orii.
1292 1919 1434 2098 papp-
1499 1891 1665 1983 ecimia
1688 1890 1824 1984 cuius
1915 1949 1927 1970 ··

48 2063 52 2072 ·
172 2082 175 2085 -
311 2003 992 2102 monitiaRudollus-Comes
1019 2004 1091 2098 de,
1159 2004 1360 2142 abspurc
1421 2007 1473 2141 in
1494 2005 1824 2130 regem-eligi·

312 2141 402 2218 tur.
427 2123 709 2218 Romanum
729 2152 938 2245 reguum
964 2118 1823 2244 et=imper1um.rxxxi1]¹¹⁸·annisaduo·
1850 2188 1854 2194 -
1895 2153 1899 2158 ·

314 2254 425 2334 cato
452 2257 509 2333 et
539 2240 712 2333 Cesare
749 2237 1015 2332 dinoscitur
1045 2236 1257 2329 caruisse.
1328 2235 1666 2333 ItemEodem
1692 2267 1823 2334 anno

174 2360 178 2375 '
311 2358 363 2449 in
397 2356 559 2449 mense
596 2356 768 2481 Mayo.
804 2351 1015 2478 quedam
1052 2350 1623 2475 soci'etas'predictorum
1653 2353 1825 2448 austra·

312 2473 433 2563 lium
468 2471 720 2565 consorcio
755 2472 1039 2595 aliquorum:
1061 2468 1449 2562 Morauiensrum·
1484 2468 1589 2563 fere
1631 2469 1845 2565 duobus-

315 2588 513 2715 milibus
549 2602 844 2681 armatorum
878 2583 1315 2679 collectis...hostili
1352 2587 1516 2679 animo
1561 2588 1825 2711 Vngariam

313 2705 422 2795 sunt
455 2702 666 2825 ingrellie.
724 2703 1077 2825 Episcopatum·
1107 2700 1209 2793 sruc¹
1236 2700 1428 2793 Vrbem
1457 2703 1509 2792 in
1545 2701 1623 2795 Ne
1660 2704 1826 2797 ztrach

312 2820 517 2939 (Μῖνα)
552 2815 965 2943 quemadmodum
1001 2830 1051 2914 et
1077 2815 1356 2909 Gcarinum-
1379 2847 1527 2910 manu
1548 2850 1609 2911 va
1629 2818 1712 2912 ida
1742 2824 1853 2913 exi

310 2950 668 3148 pugnauerunt.
728 2934 965 3057 Effugato·
983 2933 1214 3144 episcopo
1243 2963 1352 3027 cum
1373 2929 1650 3031 Canonicis.
1679 2936 1825 3031 bene
1915 3038 1919 3042 Α

261 3091 278 3164 1
334 3125 343 3144 .
368 3053 575 3176 persone
603 3053 909 3177 Vngarorum
931 3051 981 3143 in
1006 3067 1140 3174 temp
1164 3081 1196 3144 o
1218 3052 1329 3174 sunt
1346 3050 1499 3145 occisa
1542 3053 1725 3147 Ablato
1748 3086 1824 3150 ors

312 3187 432 3264 nato
467 3170 487 3289 s
503 3172 696 3289 ornatu)
722 3171 891 3287 ¹tocius
927 3166 1124 3258 ecclesie
1169 3183 1220 3260 et
1249 3168 1443 3260 incensa
1470 3170 1591 3263 vrbe
1625 3172 1824 3265 circnma

316 3315 509 3494 quasque
545 3286 797 3378 teutuniei.
818 3296 873 3376 ‘et
904 3281 1126 3376 Bohemi
1146 3276 1265 3376 illesr
1299 3281 1363 3376 ad
1388 3287 1588 3409 propria
1615 3287 1827 3384 luntre·

313 3433 403 3498 uer
420 3435 449 3495 1.

314 3637 565 3732 versucias.
590 3635 837 3731 Otakarus
859 3664 948 3728 rex
968 3633 1215 3730 Bohemie
1233 3633 1623 3760 expedicionem·
1637 3641 1826 3733 suarum

315 3753 565 3850 videlicet.
586 3756 651 3863 irc.
663 3767 899 3846 terrarum
924 3749 1116 3846 edixit?
1139 3750 1498 3849 Infestosancti
1519 3753 1685 3849 Iacobi
1708 3787 1826 3880 apo·

315 3871 433 3966 stoli.
459 3904 487 3964 a
510 3869 676 3964 futuro
702 3871 924 3992 proxime
950 3861 1101 3964 quta.
1121 3870 1211 3966 La.
1234 3869 1628 3996 congregandam
1654 3875 1734 3966 cui
1754 3873 1826 3968 so·

246 4111 247 4114 ¹
314 3990 405 4082 lito
442 4018 578 4090 more
614 3987 902 4110 principum
933 3983 1137 4112 Regina·
1162 4004 1214 4082 et
1246 3986 1470 4081 Rarorres
1501 3989 1729 4114 Vngarie.
1768 4020 1825 4082 ac
1931 4073 1934 4075 Α

314 4103 522 4201 Comani
555 4105 767 4198 absente.
803 4101 942 4226 Rege
981 4105 1193 4227 ipsorum
1233 4105 1444 4228 puerulo
1478 4102 1664 4199 bellum
1700 4109 1841 4227 inire·
1929 4159 1933 4174 ·

264 4259 272 4284 1
312 4220 697 4432 spoponderunt.
748 4218 843 4312 Sed
875 4251 990 4314 ecce
1018 4225 1219 4348 antiqua
1247 4220 1549 4316 fraudulenti
1571 4225 1826 4318 consuetu·
1926 4302 1929 4306 Α

351 4340 445 4430 inc.
491 4337 941 4433 CornesHenricus
963 4335 1024 4431 de
1042 4337 1302 4465 Guzzings.
1331 4369 1452 4432 curn.
1475 4359 1616 4434 xxx¹¹·
1628 4341 1825 4436 milibus

315 4453 665 4578 expeditorum.
696 4455 895 4577 optime.
931 4454 1075 4579 osque
1107 4457 1158 4548 in
1184 4455 1256 4549 la.
1284 4455 1554 4550 cursrtando
1586 4489 1826 4584 peruene·

315 4587 442 4666 runt.
477 4571 643 4706 ibique
674 4601 841 4778 reggm
869 4571 1153 4678 Otalrarum.
1192 4573 1417 4667 nondum
1449 4574 1828 4670 collectoexer·

317 4691 417 4781 citu
442 4687 540 4784 suo.
567 4689 724 4783 occiso
794 4689 915 4783 lrico
942 4686 1004 4783 de
1027 4689 1428 4785 Dberrenlrolcz..
1440 4722 1530 4816 per
1541 4693 1687 4788 Duos
1700 4693 1826 4788 Dies

311 4803 599 4902 infestarunt
630 4820 681 4900 et
701 4803 762 4903 lic
783 4806 982 4934 sumptis
1004 4807 1170 5022 splllill
1199 4809 1335 4916 trans
1349 4810 1531 4905 flumen
1551 4811 1826 5024 Mapcssiam

1202 4957 1252 5024 a·
1666 4960 1691 5021 e
1730 4960 1768 5024 1·

490 3517 569 3614 Ad
611 3515 951 3644 reprimendae
994 3514 1153 3612 adhuc
1194 3461 1484 3642 iniquorum
1518 3520 1826 3648 Vngarorum
1956 3556 1962 3566 ·
2071 3619 2075 3633 ,
