4717 6050
1094 333 1128 418 1.
1166 265 1696 443 ¹xnxtoltxmvm

643 629 646 634 .
733 467 858 634 Item
891 533 1049 748 ἕψοι
1077 501 1358 634 ΖΙεειΓοεάε.
1388 569 1501 633 xxx.
1533 535 1779 636 denarios.

733 655 859 749 Item
935 684 963 747 e
994 651 1171 749 Manlu
1212 685 1359 782 quem
1399 655 1554 753 habet
1582 671 1703 784 aput
1731 656 1934 756 Nouum
1962 658 2148 768 forum.

612 799 724 874 xxx.
755 770 1001 868 denarios.
2072 783 2077 794 '

732 891 860 986 Item
890 888 954 985 de
975 888 1136 986 ‘Nouo
1167 887 1295 986 foro.
1325 889 1428 987 duo
1458 891 1660 1001 talenta.
1838 903 1843 910 '

731 1007 859 1102 Item
881 1005 945 1101 de
976 1005 1572 1106 villaWindischmarcht.
1601 1011 1719 1108 xiiii.
1749 1009 1933 1110 solidos
1963 1016 2142 1118 minus.

362 1119 424 1271 ,⁸⁵
611 1125 692 1222 xii.
726 1122 957 1221 denariis.

733 1243 858 1338 Item
879 1241 1241 1341 Mohlanteritt.
1274 1242 1532 1342 dimidium
1563 1246 1805 1346 talentum
1836 1243 1900 1344 de
1931 1248 2078 1348 hvbn

589 1377 593 1386 '
731 1362 857 1455 Item
888 1362 941 1454 in
965 1361 1341 1458 Zwentendorf.
1372 1367 1538 1461 tercia.
1569 1363 1716 1464 hube
1746 1362 1803 1463 L.
1821 1362 2077 1468 ‘denariox

731 1478 857 1575 Item
888 1476 952 1573 de
980 1476 1253 1583 Sunberch.
1284 1482 1378 1576 tm'a
1410 1481 1613 1592 talenta.

729 1596 857 1691 Item
888 1593 951 1690 de
982 1595 1267 1693 viemehen.
1297 1619 1379 1694 xv.
1410 1598 1611 1700 solidos.
1771 1601 1776 1608 ’

683 1815 690 1830 ,
729 1714 856 1808 Item
886 1709 950 1816 de
980 1711 1195 1810 Trelieh.
1226 1714 1327 1812 duo
1357 1715 1561 1812 talenta.
1842 1809 1846 1814 ,

731 1833 857 1926 Item
888 1829 951 1927 de
982 1830 1279 1957 Affpholter.
1308 1834 1426 1928 xiiii.
1456 1832 1657 1930 solidos.

681 2041 688 2047 .
731 1949 855 2048 Item
872 1946 945 2067 ,de
968 1949 1199 2044 Zvluzze.
1229 1947 1417 2047 decem.
1446 1949 1645 2047 solidos.
1935 2001 1938 2008 ·

731 2069 858 2162 Item
888 2066 953 2163 de
985 2066 1251 2195 Ottenllag
1274 2068 1336 2163 ab
1359 2068 1630 2165 noualibus.
1654 2067 1720 2163 iii.
1744 2065 1948 2166 talenta,

730 2186 857 2282 Item
898 2180 960 2282 de
995 2181 1295 2284 Stamschve.
1341 2187 1462 2284 iet
1504 2182 1711 2282 dimidio
1755 2185 2027 2284 noualibus.
2069 2182 2131 2286 iii.
2319 2254 2320 2267 t

480 2457 489 2475 ·
610 2303 857 2518 sohdlotssm
887 2418 950 2516 de
981 2419 1316 2519 Liehtenstain
1348 2435 1400 2516 et
1429 2419 1493 2517 de
1515 2419 1688 2517 Schilt
1717 2417 1838 2524 xlvi
1866 2420 2141 2527 noualibus.

337 2581 344 2588 ·
484 2602 487 2611 -
614 2541 748 2637 xviii.
777 2535 961 2632 lolidos
1027 2554 1172 2632 reter.
1205 2539 1254 2639 ii,
1284 2532 1531 2630 denarios.

729 2656 856 2749 Item
879 2653 931 2748 in
1004 2652 1216 2779 mzpach.
1235 2683 1315 2746 xx
1328 2651 1495 2747 noual.
1514 2653 1579 2747 xi.
1599 2648 1782 2750 solidos
1797 2665 1848 2747 et
1870 2628 2143 2746 dimidium.

458 2903 463 2918 ι
615 2891 647 2989 d
730 2773 856 2983 lteom
903 2766 967 2866 de
1004 2769 1315 2916 Tyerzpach·.
1354 2799 1434 2865 xx.
1463 2769 1631 2870 no'ual.
1660 2771 1724 2868 vi
1753 2765 1939 2866 solidos
1981 2781 2046 2864 et
2074 2769 2140 2865 vi.
2322 2792 2323 2795 ‘

650 2920 788 2988 enan
850 2961 860 2982 .

733 3007 860 3105 Item
902 3002 965 3101 de
994 3003 1351 3131 Herliblchlag.
1390 3005 1489 3101 viii.
1519 3003 1687 3103 noual.
1726 3003 1860 3101 lxxx
1892 3002 2140 3135 denarios,

733 3127 860 3222 Item
894 3122 958 3218 de
988 3122 1299 3249 Tyerperch.
1332 3122 1570 3244 Quinque
1604 3124 1771 3220 noual.
1802 3122 1859 3221 L.
1891 3122 2142 3208 denartos.

733 3245 860 3338 Item
883 3232 1245 3363 deLoehpach.
1275 3234 1406 3330 lxxx.
1429 3234 1596 3330 noual.
1627 3241 1709 3352 iiij.
1743 3230 1929 3382 talenta
1957 3240 2143 3353 preter.

377 3356 389 3368 '
426 3374 434 3383 '
613 3363 734 3460 lxvi.
766 3355 879 3452 den.

734 3480 860 3574 Item
894 3470 957 3569 de
983 3470 1233 3600 Ovrpaeh.
1262 3472 1359 3566 xvi.
1390 3465 1557 3563 noual.
1586 3466 1651 3562 xi.
1680 3461 1867 3564 solidos
1897 3438 2142 3589 preter'x.
2237 3567 2241 3571 ,
2324 3607 2325 3620 Ν

652 3624 862 3694 enanos.
1387 3658 1393 3668 ,
2324 3629 2325 3644 ι

615 3597 664 3793 d·
730 3716 856 3811 Item
870 3706 1104 3804 adiacens
1109 3706 1236 3801 hvba
1248 3706 1300 3797 in
1310 3701 1609 3829 Treewung.
1618 3696 1875 3795 dimidium
1884 3693 2140 3793 talentum.
2323 3790 2325 3828 ÷

734 3833 860 3925 Item
897 3829 949 3920 in
973 3822 1236 3919 Chostlein.
1268 3817 1525 3917 dimidium
1555 3817 1812 3913 talentum.
2171 3853 2176 3861 ¹

715 3970 722 3979 ’
878 3942 972 4039 Hii·
995 3939 1104 4057 sunt
1132 3933 1358 4033 redditus
1381 3964 1583 4031 annone
1611 3936 1665 4027 in
1695 3931 1850 4028 Celle.
1927 4024 1931 4033 ,

733 4064 856 4163 Duo
901 4058 1055 4154 villici
1083 4058 1147 4151 'in
1177 4053 1486 4182 H6tigperch
1516 4052 1743 4186 seruiunt.
1773 4046 1870 4144 xvi.
1890 4042 2141 4141 metretas

529 4272 536 4279 .
615 4180 811 4313 siliginis
828 4177 1037 4273 Maioris
1053 4174 1289 4272 mensure.
1321 4185 1373 4267 et
1395 4168 1614 4265 Modios.
1634 4197 1697 4262 vn
1728 4190 1900 4259 auene.
1929 4188 2145 4288 papaue-

487 4369 490 4375 -
616 4307 685 4401 ris
714 4298 972 4397 Metretas.
1007 4295 1054 4400 ii,
1094 4289 1381 4417 Leguminil
1404 4286 1663 4383 Metretas.
1693 4281 1774 4403 iiij.
1841 4266 2146 4419 qrcoenduos

620 4418 696 4525 ad.
725 4418 791 4512 lx
823 4411 1068 4511 denarios.
1097 4407 1350 4533 scapulas.
1391 4397 1761 4501 n11.fascieulos
1811 4428 1894 4496 tm.
1934 4426 2033 4493 vm
2063 4421 2144 4519 ag·

619 4568 727 4637 nos.
755 4537 804 4631 ii.
865 4516 1058 4647 Citieos.
1088 4526 1170 4639 xii.
1202 4527 1329 4623 Oua.
1357 4524 1491 4621 lxxx.
1518 4517 1799 4653 Pullos.·vi
1916 4589 1921 4600 .

1851 4823 1858 4829 .
1960 4747 2089 4853 Item
2185 4801 2191 4807 ·
