4717 6050
510 488 671 563 ¹2&
1078 466 1508 547 nuouYMt

547 690 687 803 parte
705 672 915 767 ciuitatis
936 671 985 764 in
999 700 1094 797 qua
1109 668 1442 765 eratdefensro
1453 671 1583 798 regis
1597 669 1737 798 cypri
1749 664 1850 763 Die
1864 658 2058 763 oriente

547 821 767 1003 pupnarc
783 805 1035 913 ceperunt.
1058 790 1306 883 ciuitatem
1330 788 1652 883 obtinuerunt
1674 787 2058 885 omuesvirosct

369 956 374 961 ·
514 941 630 1009 .mu
653 912 779 1004 ieres
819 921 873 1001 et
899 907 1134 1033 pauculos
1166 903 1474 1001 occiderunt.
1512 920 1749 1031 tantaque
1779 904 1956 1042 llrnges
1995 932 2059 997 ex

480 1132 485 1135 ,
547 1043 656 1122 utra
689 1056 758 1119 -ue
790 1039 929 1151 parte
965 1025 1034 1117 ibi
1065 1023 1158 1117 fuit
1186 1022 1511 1148 facta.·quod
1548 1052 1760 1146 corpora
1790 1021 2060 1115 occisorum

550 1160 601 1239 et
625 1144 680 1237 lo
714 1156 847 1235 atum
871 1142 1085 1235 ciuitatis
1114 1142 1338 1267 proiectu
1367 1140 1655 1265 repleretur.
1685 1140 1787 1278 (Ita
1815 1137 2000 1349 Codcnp.

705 1262 860 1355 Anno
898 1258 1108 1353 Domini
1147 1258 1428 1377 M⁰.ee.xcij.
1476 1254 1832 1353 Minillerrales
1860 1256 1945 1380 qui
1981 1281 2095 1348 em‘

545 1378 693 1479 sur-ie
725 1377 958 1503 pociores
979 1376 1314 1503 opposuerunt
1332 1376 1383 1497 sej
1406 1390 1457 1469 et
1477 1374 1846 1469 rebellaueruut
1870 1387 1921 1467 et
1944 1402 2060 1466 con·

474 1498 477 1508 '
548 1496 855 1621 spirauerunt
886 1508 1057 1588 contra
1087 1494 1283 1586 Ducem
1315 1492 1487 1587 austrie
1513 1493 1788 1586 Albertum.
1825 1492 2061 1584 invocato

445 1724 447 1730 Ι
547 1611 780 1706 aduersus
824 1638 937 1703 euru
977 1608 1257 1704 aduersario
1294 1610 1383 1703 luo
1423 1610 1631 1704 Ottonc,
1660 1608 1807 1701 Duce
1836 1606 2071 1723 Baburic.¹

547 1731 630 1823 cui
670 1729 818 1823 etiam
859 1728 1195 1851 promiserant.
1232 1724 1427 1821 tradere
1468 1726 1816 1821 terramillam
1848 1723 2062 1819 ,etsoci-

431 1956 437 1969 Ι
546 1875 669 1970 pere
692 1846 875 1939 eumin
900 1845 1189 1965 Dominum
1228 1843 1331 1963 Qui
1360 1844 1577 1938 collecto
1606 1844 1824 1937 exercitu
1846 1871 1908 1935 co
1944 1840 2061 1937 ioso.

550 1992 652 2061 vna
695 1990 807 2057 cum
848 1960 1077 2055 Domino
1118 1958 1391 2055 Chunrado
1427 1958 1794 2169 Salczpurpenli
1822 1873 2060 2093 arcliiepi·
2189 2027 2192 2034 .

547 2078 715 2204 scopu.
753 2078 928 2172 stiriam
966 2078 1291 2171 intrauerunt
1327 2090 1379 2171 et
1409 2077 1563 2170 multa
1593 2108 1722 2170 maa
1750 2074 1978 2171 fecerunt
2006 2103 2059 2168 ln

506 2268 511 2274 .
548 2209 698 2291 terra.
785 2192 1049 2314 Quoslibet
1078 2194 1280 2319 (quibus)
1309 2224 1573 2289 occurrens
1601 2193 1723 2288 Dux
1748 2191 1931 2287 austrie.
1961 2220 2063 2284 ma·

545 2340 615 2407 nu
644 2309 826 2407 valida.
864 2342 975 2405 oum
1007 2312 1196 2436 maguis
1225 2310 1478 2407 laboribus
1512 2342 1607 2437 per
1632 2314 1742 2406 viss
1766 2308 2060 2436 gracillimas

545 2430 751 2523 niuiurn.
792 2456 887 2552 que
914 2424 1089 2521 eodem
1114 2429 1308 2555 hyeme.
1330 2429 1380 2521 su
1417 2425 1827 2538 erhabuudabnut
1845 2430 1928 2522 vix
1949 2454 2061 2520 erun

543 2545 643 2642 suis
668 2543 903 2638 transiens
936 2558 1152 2669 excepto
1181 2544 1319 2670 quod
1342 2462 1456 2671 plin
1487 2576 1634 2671 quam
1664 2547 1880 2639 sexcenti
1902 2542 2064 2639 rullici

547 2663 817 2757 exercitum
847 2658 1173 2784 precedentes
1214 2686 1326 2755 cum
1354 2662 1517 2787 scopis
1555 2694 1614 2757 ac
1645 2663 1749 2783 alijs
1770 2662 2062 2756 instrumen-

545 2780 615 2875 tis
653 2806 744 2902 per
782 2777 928 2871 niues·
968 2792 1020 2871 et
1057 2776 1171 2871 loca
1210 2778 1376 2873 Deuia
1416 2779 1658 2903 parabant
1693 2782 1744 2875 ei
1769 2780 1915 2874 visnu
1957 2778 2061 2897 Qui

545 2924 658 2989 cunr
697 2892 914 2987 venisset.
954 2895 1166 3017 turpiter
1203 2909 1256 2988 et
1294 2894 1498 2991 confuse
1536 2896 1738 3021 fugauit.
1779 2913 1829 2990 et
1870 2896 2062 3019 expulit
2123 2997 2126 3001 ,

545 3010 744 3107 Ducem
781 3007 1008 3116 Babarie.
1048 3014 1277 3107 cunr-suo
1306 3044 1338 3107 e
1372 3010 1543 3138 iscopo
1580 3031 1633 3110 et
1662 3014 1756 3108 suis
1786 3012 2061 3108 fautoribus

546 3128 634 3223 De
662 3143 809 3222 terra.
895 3125 1089 3220 Eodem
1128 3132 1285 3224 Anno
1392 3130 1588 3226 edictus·
1615 3132 1737 3225 Dux
1776 3131 1963 3224 austrie.
1990 3130 2072 3231 se·.

548 3243 727 3340 ductu-s
756 3276 785 3338 a
815 3242 994 3338 Sueuis
1021 3273 1111 3372 per
1139 3246 1330 3342 litteras
1363 3264 1413 3343 et
1442 3251 1658 3343 nuncios
1684 3247 1943 3342 sollemnes
1972 3278 2062 3339 vo·

548 3378 690 3457 catus·
718 3376 768 3456 et
796 3376 998 3487 rogatus
1029 3361 1094 3455 eli
1124 3362 1385 3459 ascendere
1418 3364 1482 3460 ad
1503 3364 1713 3458 Renum.
1749 3363 2062 3489 spoponden-

546 3494 628 3574 tes.
655 3479 969 3574 ei‘coronam
991 3481 1154 3604 regni.
1182 3511 1247 3575 ac·
1272 3483 1455 3607 eligere
1487 3513 1600 3576 eum
1630 3485 1682 3576 iu
1704 3510 1873 3607 regem
1902 3511 2060 3575 roura·

546 3623 741 3692 norum.
781 3595 883 3716 Qui
925 3625 1037 3688 eum
1076 3595 1380 3692 sollemniter
1410 3595 1704 3692 ascendisset.
1734 3599 2068 3693 etelectores·

548 3715 803 3926 principes
823 3743 877 3806 re
946 3713 963 3804 i
987 3711 1092 3806 Die
1115 3711 1283 3808 statuta
1315 3715 1668 3842 conuenissent.
1686 3713 1929 3810 Vnisormi
1943 3744 2060 3810 con·

584 3831 654 3924 lio.
686 3847 738 3925 et
768 3858 862 3924 con
886 3828 1002 3920 cusu
1022 3828 1445 3927 Adolsumlllium
1474 3833 1668 3927 &roris
1696 3834 1888 3935 comitis
1909 3833 2063 3927 Eber-

548 3946 692 4072 hardi
723 3946 787 4041 de
817 3943 1219 4070 Casseuelbogcn.
1249 3951 1506 4075 elegerunt
1529 3952 1586 4062 ‚in
1616 3978 1783 4160 repent
1811 3947 2063 4046 Romano·

505 4151 511 4162 ,
549 4093 671 4159 rum.
712 4063 891 4189 Sicque
923 4061 1045 4156 Dux
1074 4063 1259 4159 aullrie.
1288 4065 1537 4162 frustratus
1565 4068 1649 4192 spe
1686 4099 1760 4161 us.
1790 4083 1957 4168 tamen
1980 4099 2064 4160 ex·
2222 4129 2226 4136 -

549 4181 709 4306 ceptis
739 4182 822 4274 sex
851 4181 899 4276 se
936 4182 1149 4283 timauis.
1187 4185 1338 4279 Auno
1369 4185 1486 4278 Vno
1514 4183 1797 4279 manlltibi..
1826 4214 1937 4278 cum
1971 4186 2065 4277 Di-

555 4295 698 4392 uersrs
729 4213 938 4394 Diuerdd
968 4328 1209 4394 exercens
1273 4302 1406 4395 relia.
1437 4303 1490 4394 in
1521 4302 1699 4426 quibus
1730 4303 1962 4396 omnibus
1990 4296 2063 4394 ie·

551 4415 712 4512 liciter
742 4445 798 4508 ac
826 4415 1061 4555 prospere
1092 4331 1271 4511 succed

402 4597 405 4606 =
549 4559 671 4630 rum.
703 4530 863 4628 leodis
893 4535 1001 4628 suis.
1032 4535 1251 4629 reuersus
1265 4535 1331 4630 eli
1352 4567 1462 4630 curu
1475 4539 1620 4630 trium
1658 4537 1729 4630 ho
1748 4533 1812 4630 ad
1831 4534 2065 4629 austriam.

433 4673 436 4680 ’
550 4647 874 4748 Procedente.
898 4681 1018 4747 vero
1048 4667 1293 4778 tempore,
1335 4651 1592 4869 supradicti
1624 4569 1876 4794 Hyrieuses
1906 4654 2063 4746 humi·

1271 4449 1361 4512 ens
1389 4420 1603 4544 receptis
1635 4436 1808 4546 arege
1833 4443 2064 4513 romano*

553 4764 663 4871 listi
687 4769 1087 4893 recommiserunt
1114 4768 1163 4870 se
1193 4773 1362 4898 gracie·
1409 4803 1487 4868 uc.
1522 4771 1723 4870 Dentes
1750 4801 1798 4870 er
1827 4772 2067 4867 municio·

1912 4918 2007 4990 nes
