4717 6050
652 462 735 536 no·
894 372 901 382 ’
983 424 1761 543 usrnuannrnonrcr
1858 355 1870 471 Ῑ

604 639 774 736 eiectis
864 638 990 738 Item
1030 634 1222 729 sanctus
1252 630 1543 755 Bonifacius
1580 628 1980 761 Magundinensis
2011 639 2113 760 epi-

601 760 776 881 seopus
807 787 837 850 a
866 752 1138 849 [frisonibus
1169 752 1491 845 martirizatus
1522 749 1605 851 en.

434 947 438 953 .
722 871 899 968 dcclv.
949 868 1215 969 Antelmus
1255 868 1553 993 archiepisco
1591 899 1647 961 us
1696 866 2016 969 laureacensis
2059 884 2114 965 et

377 995 379 999 ’
504 1047 546 1058 --
600 990 893 1122 patauiensrs
925 986 1059 1084 sedit.
1089 989 1301 1081 mannis
1331 986 1416 1079 sub
1446 984 1665 1107 Steano
1695 1018 1843 1113 papa.

720 1111 871 1201 Anno
913 1105 1100 1201 domini
1141 1103 1357 1205 dcclxv.
1408 1105 1670 1198 Wiscarius
1713 1104 2012 1228 archiepisco
2050 1137 2106 1200 us

599 1225 922 1323 laureacensis
955 1237 1006 1317 et
1071 1221 1325 1315 atauiensrs
1354 1220 1479 1316 sedit
1508 1253 1690 1315 nouem
1721 1226 1861 1316 annis
1891 1222 1974 1314 sub
2005 1138 2111 1318 sle·

637 1342 769 1439 hano
811 1376 871 1468 pa
912 1373 952 1435 a.
1064 1341 1172 1435 uius
1204 1356 1428 1465 tempore
1468 1342 1598 1439 vtilo
1632 1338 1735 1433 dux.
1760 1339 1959 1434 babarie
1992 1342 2110 1461 obijt
2165 1422 2172 1429 .

595 1376 725 1559 Rem
765 1376 1052 1555 tranllatum
1093 1456 1158 1551 cst
1197 1459 1456 1596 imperium
1487 1489 1516 1551 a
1546 1456 1785 1551 Romanis
1819 1456 1884 1550 ad
1905 1454 2107 1555 francos

483 1591 487 1597 ’
598 1578 923 1683 In-llarolum
1012 1574 1136 1668 Item
1167 1574 1384 1671 decimas
1414 1574 1597 1670 babere
1628 1575 1784 1706 laycis
1821 1574 1885 1669 est
1916 1576 2107 1673 conces·

596 1698 706 1795 sum
789 1697 914 1810 Item
942 1692 1160 1821 synodus
1194 1694 1473 1787 celebratur
1990 1808 1993 1812 ⁸

659 1879 664 1885 -
718 1812 965 1906 dcclxxv.
1007 1810 1316 1905 Waldaricus
1357 1810 1747 1937 archiepiscopus
1770 1811 2103 1905 laureacensis

598 1948 650 2027 et
702 1930 997 2054 patauiensrs
1041 1925 1170 2022 sedit
1219 1931 1349 2046 xxxj.
1385 1959 1583 2021 anuum.
1682 1928 1840 2022 Huius
1882 1936 2102 2054 tempore

596 2046 834 2143 adrianus.
859 2077 988 2171 papa
1017 2046 1072 2139 in·
1100 2042 1344 2142 festituras
1383 2046 1483 2165 (Ira
1516 2046 1691 2166 Codex)
1721 2046 2026 2140 ecclesiarum
2048 2061 2119 2141 ‘ets

290 2224 328 2281 g
478 2238 493 2275 ¹„
550 2231 559 2263 ι
595 2163 812 2263 decimas
842 2164 1023 2257 karolo
1049 2160 1326 2257 indulsitet
1353 2162 1448 2256 suis
1474 2166 1630 2287 princi
1667 2163 1776 2257 ibus
1837 2163 2101 2259 ltemidem

569 2314 728 2497 ¹papa
755 2277 1213 2420 Taffilonisttium
1241 2283 1527 2417 waptizauit
1561 2280 1620 2373 sc'
1643 2294 1742 2418 icet
1771 2280 1822 2373 T
1822 2280 2101 2419 heodouem
2153 2430 2162 2440 ἢ

617 2417 723 2495 tem
759 2395 895 2492 rdem
921 2394 1110 2495 Tashlo.
1137 2395 1238 2491 dux
1269 2399 1472 2516 babarre·
1498 2395 1724 2491 sundaurt
1764 2396 2100 2494 monasterium

588 2514 960 2613 ltremsmunster
1000 2516 1157 2609 Anno
1194 2513 1382 2609 domini
1412 2511 1685 2636 dcclxxvij.
1717 2516 1867 2610 Anno
1900 2514 2098 2610 ducatus

392 2752 400 2765 ἰ
466 2621 471 2632 ’
546 2689 547 2695 ¹
590 2634 661 2729 sui
700 2639 802 2729 xxx
860 2634 1016 2727 'Item
1044 2631 1177 2727 idem
1207 2664 1344 2759 papa.
1377 2631 1591 2727 eiusdem
1622 2627 1820 2727 ecclesie
1851 2632 2099 2732 fundacio-

588 2780 711 2847 uem
751 2747 1058 2845 confirmauit
1146 2752 1271 2845 Item
1317 2748 1453 2843 idem
1493 2750 1602 2874 epis
1638 2757 1641 2762 ⁴
1693 2783 1755 2846 us·
1790 2751 2096 2849 Waldaricus

514 2942 522 2952 .
591 2866 803 2963 candem
836 2866 1082 3001 ecclesiam
1116 2868 1417 2960 consecrauit
1446 2780 1729 2963 iunctooesbi
1760 2870 1994 2997 episcopo
2027 2871 2098 2965 Iu·

450 3042 456 3050 -
589 2984 801 3080 uauense
832 2982 1027 3108 vrrgilio
1060 2997 1111 3078 et
1141 2985 1245 3105 alijs
1270 2982 1473 3110 prelatis
1495 2981 1716 3082 Suffater.
1751 2992 1840 3111 (ita
1861 2992 2011 3085 Codex
2010 3026 2096 3130 pro

588 3101 693 3200 Sub
719 3103 887 3222 Fater)
913 3099 1092 3194 abbate
1162 3102 1292 3194 Item
1325 3099 1576 3230 predictus
1611 3104 1824 3201 Karolus
1866 3139 1978 3202 cum
2006 3139 2097 3204 ram

563 3217 707 3334 ‘esset
737 3220 1010 3342 Imperator
1041 3217 1261 3345 augustus
1303 3219 1462 3314 nostra
1491 3219 1668 3344 predia
1694 3223 2013 3322 confirmauit.

708 3333 839 3430 dccc.
882 3331 1083 3428 Vrolsus
1116 3335 1512 3461 archiepiscopus
1538 3336 1857 3436 laureacensis
1891 3358 1943 3437 et
1964 3357 2096 3470 pata·

589 3452 771 3548 nienhs
806 3450 930 3546 sedit
968 3463 1152 3546 annum
1196 3486 1345 3558 vnum
1384 3454 1497 3550 huic
1537 3455 1613 3548 Eu
1648 3460 1787 3554 enius
1828 3469 1959 3588 papa
2031 3461 2096 3555 al·

589 3569 712 3667 lium
745 3567 1051 3705 confirmauit
1094 3603 1205 3666 cum
1234 3572 1320 3667 illo
1351 3571 1515 3666 vrolfo
1547 3487 1969 3674 etgsuccelsoribus
1996 3496 2095 3674 Isuis

589 3686 1091 3895 ceperunt-‹uletprscopi
1128 3688 1422 3783 luuauenses
1467 3693 1769 3788 contendere
1812 3726 1909 3819 pro.
1946 3697 2091 3823 pallio

590 3804 862 3929 eprscopalr
906 3799 1023 3896 edes
1057 3835 1152 3934 que
1185 3821 1332 3901 antea
1372 3822 1492 3931 aput
1529 3807 1896 3906 larueacensem.
1927 3816 2092 3938 pocior

586 3919 749 4017 fiterat
780 3921 915 4044 cepit.
942 3921 997 4012 in.
1024 3925 1283 4047 patauiam·
1302 3924 1497 4018 transire
1528 3926 1632 4048 poll
1662 3961 1812 4053 quam
1841 3962 1955 4024 eam.
1980 3929 2089 4025 Tas-

586 4035 734 4133 srlo.o
774 4038 900 4132 ibus
915 4051 972 4130 et.
995 4038 1269 4134 honoribus
1302 4041 1537 4136 exaltauit
1607 4044 1730 4142 Item
1772 4048 1871 4168 hijs.
1905 4064 2089 4174 tempo·

585 4071 975 4293 fibusharolus.
997 4157 1271 4294 Imperator
1311 4159 1419 4284 pon
1447 4157 1749 4258 Tassrlonem
1776 4165 1959 4261 ducem·
1985 4198 2087 4306 pre·

586 4270 732 4370 secto>
767 4270 964 4366 cuidam:
998 4304 1200 4394 nomme
1242 4274 1473 4372 Geroldo.
1511 4276 1758 4380 babariam
1787 4287 2089 4409 prouinciam

500 4475 502 4482 ,
589 4389 962 4498 commendauit.
994 4422 1084 4518 per
1115 4424 1268 4518 quem.
1301 4397 1407 4488 eius
1435 4396 1672 4520 terminos
1711 4404 1763 4495 in
1793 4406 2091 4526 pannoniam

429 4579 436 4584 κ
587 4507 734 4633 usque
754 4506 939 4604 raham
962 4511 1171 4606 fluuium
1194 4510 1428 4610 dilatmut
1449 4512 1538 4610 sub
1565 4513 1719 4615 leone.
1743 4550 1875 4648 papa
1906 4535 2086 4617 cecato.

1719 4796 1757 4903 ἢ·
1815 4755 2041 4886 decusis..
2072 4802 2082 4882 3
