4717 6050
493 469 500 485 ’
640 486 718 559 372
757 510 767 525 -
981 456 1035 535 V.
1079 438 1724 541 ,BERNARDI‘NORICI

584 680 690 759 tum
723 657 848 755 ordo
879 658 1189 783 cognoscitur
1226 658 1486 755 exrelatu.
1558 664 1707 755 uuus
1741 682 1937 788 tempore
1975 664 2112 763 Inno-

358 796 361 803 '
403 853 413 870 .
589 786 762 875 cencius
779 810 916 900 papa.
944 782 1006 898 iij.
1030 778 1188 897 habuit
1209 782 1435 873 concilium
1458 782 1776 899 Lateranense.
1807 788 1991 903 erfecit
2008 818 2108 879 eon·
2199 785 2203 789 ’

571 899 850 1020 stitutionem
885 896 940 987 In
958 900 1149 1015 surgulrs
1175 900 1420 1017 prouinciis
1450 915 1497 989 et
1527 900 1795 991 ciuitatibsu.
1828 920 1875 991 et
1902 902 1987 993 hoc
2007 906 2114 1015 ideo,

587 1019 693 1137 qaia
715 1034 824 1105 tuuc
846 1018 951 1105 noui
980 1016 1158 1106 ordines
1161 1020 1470 1134 surrexerunt
1502 1018 1740 1135 inquibus
1815 1048 1921 1107 ureu
1943 1024 2030 1111 viri
2059 1040 2107 1112 et

569 1136 749 1255 femine
771 1135 984 1223 virtutum
1004 1136 1235 1231 miraculis
1258 1135 1430 1223 clarent
1442 1136 1598 1224 Sancti
1616 1134 1685 1223 A:
1699 1152 1744 1225 et
1797 1136 1988 1228 caedicti
2036 1171 2104 1229 ro·

569 1250 811 1373 fefforibus
831 1253 1041 1371 grauiter
1073 1250 1327 1342 errantibus
1356 1282 1388 1340 a
1405 1253 1567 1371 primis
1570 1253 1759 1371 ficorum
1775 1254 1974 1374 preclari
1979 1259 2029 1372 s
2079 1260 2089 1277 '

584 1366 812 1487 institutis.
915 1368 1029 1457 Item
1050 1371 1164 1488 cepit
1186 1368 1294 1458 ordo
1309 1369 1640 1486 predicatorum
1668 1375 1745 1491 qui
1759 1389 1846 1489 pes
1864 1371 2110 1462 Honorium

580 1494 754 1609 papam
776 1484 1061 1603 confirmatur
1081 1516 1198 1577 anno
1218 1482 1355 1577 4216.
1428 1485 1543 1575 Item
1555 1485 1663 1575 ordo
1674 1492 1890 1578 minorum
1884 1492 2106 1607 fratrum.

655 1660 660 1666 -
706 1598 797 1695 NP.
809 1599 894 1691 cc⁰.
905 1600 1001 1691 xxi.
1014 1597 1344 1693 Heinricusde
1379 1634 1505 1723 yrpe
1516 1607 1723 1694 comitum
1735 1606 2108 1725 dePlaynmona·

584 1720 697 1814 siren
717 1724 764 1810 iu
783 1719 1006 1838 Tegernst.
1030 1716 1142 1809 xvii.
1164 1717 1307 1813 annis
1388 1747 1449 1810 oc
1474 1731 1701 1843 tempore
1722 1720 1856 1843 cepit
1879 1720 2109 1814 renouari

587 1833 801 1930 nostrum
813 1832 1167 1926 monasterium.
1227 1832 1352 1925 Item
1373 1830 1604 1928 dominus
1626 1834 2107 1966 Innocenciuspape.

473 2038 477 2045 .
589 1951 843 2077 iiii.primo
854 1949 1117 2075 priuilegio
1129 1948 1437 2046 confirmauit
1446 1950 1646 2045 eoeleste
1659 1950 1818 2046 isostre
1830 1953 1978 2047 bonas
1996 1958 2110 2047 Item

592 2077 713 2165 loeus
731 2068 811 2190 iste
828 2071 1058 2159 miraculis
1069 2072 1211 2161 claret
1229 2075 1362 2194 usque
1375 2071 1442 2160 ad
1449 2076 1825 2163 canonizationem
1836 2076 2004 2165 Sancte
2015 2074 2112 2165 Eli·

573 2188 780 2314 sabethe.
839 2182 963 2277 Item
976 2182 1203 2309 Rugerus'
1224 2185 1483 2309 episcopus
1505 2183 1645 2279 dedit
1665 2185 1812 2280 nobis
1825 2186 2108 2282 Waeizchir·

592 2306 736 2400 chen.
781 2301 905 2394 Item
927 2300 1206 2397 Fridericus
1229 2303 1501 2427 imperator
1512 2300 1820 2398 confirmauit
1831 2302 2110 2399 libcrtdtem

593 2417 792 2517 ecclefie
825 2414 887 2511 de
913 2415 1180 2515 aduocacia
1216 2418 1394 2515 advce
1414 2419 1526 2514 Leo
1566 2419 1685 2515 oldo
1711 2418 1906 2519 factam.
1944 2424 2109 2545 'Hujus

593 2542 767 2635 abbatis
803 2540 1134 2658 consanguineis
1177 2557 1328 2631 tamen
1351 2540 1501 2632 ‚reddi
1540 2546 1579 2631 t.
1639 2539 1763 2634 Item
1797 2538 2111 2633 Ekhebertus

407 2750 411 2759 ,
593 2654 867 2781 Episcopus
902 2652 1325 2777 Babenbergenfis
1369 2652 1509 2749 dedit
1554 2655 1701 2749 nobis
1734 2658 1786 2781 in
1823 2653 2119 2765 Gaerstentsd

595 2772 779 2873 hvbam
806 2767 1032 2865 Saizhaw
1062 2770 1291 2894 (velforte
1321 2773 1529 2895 Chastia)
1561 2803 1708 2897 quam
1735 2774 1861 2867 Otto
1896 2770 2114 2868 dederat.
2312 2683 2316 2896 i

564 2946 569 2955 ·
597 2891 721 2987 Item
745 2889 871 2983 Otto
896 2886 959 2980 de
980 2885 1088 2981 Ror
1110 2887 1251 2982 dedit
1267 2888 1413 2983 nobis
1437 2904 1624 2982 curtem
1645 2888 1894 3014 Leopoldi
1958 2920 2021 2985 uc
2044 2887 2117 2983 di·

597 3011 721 3107 citur
746 3006 879 3100 curia
903 3006 955 3098 in
976 3004 1297 3132 waeingart‘en
1317 3006 1400 3103 vel
1424 3004 1646 3132 Selgraet.
1689 3012 1857 3102 Sarute
1880 2921 2117 3102 EZ'zabetir

597 3131 895 3221 sanoruzatur.
956 3129 1148 3219 Sanctus
1194 3130 1453 3220 Dominicus
1494 3132 1793 3220 canonizatur.
1835 3159 2113 3250 anuo-123&

599 3249 714 3336 Item
726 3243 869 3360 ¹leuius
892 3259 1087 3364 tempore
1116 3245 1364 3364 Gregorius
1379 3276 1518 3366 papa.
1539 3249 1610 3334 ix.
1632 3245 1791 3362 ¹habuit
1811 3249 2039 3338 concilium
2067 3259 2114 3335 et

581 3359 1086 3486 fecitsonstitutionem.
1149 3362 1205 3452 In
1219 3367 1380 3480 primis
1398 3363 1665 3452 ordinamus.
1707 3363 1837 3454 Hunc
1857 3365 2118 3461 Heinrisum.

595 3484 713 3601 rfism
722 3479 862 3600 susse
882 3479 1027 3596 infula
1051 3482 1099 3569 in
1121 3481 1374 3598 eiusssgillo
1401 3485 1521 3570 circa
1541 3511 1704 3570 auruum
1724 3481 1889 3571 domini
1907 3511 2030 3601 ¹3⁰⁰·
2052 3482 2114 3570 oi·

597 3603 745 3694 dimus
775 3591 1019 3719 manifeste.
1078 3595 1159 3687 Ad
1179 3603 1305 3715 cujus
1324 3597 1592 3687 evidensiam
1613 3601 1661 3686 in
1681 3600 1853 3716 eoeleste
1872 3597 2021 3717 nostre
2038 3626 2114 3688 ar·

595 3716 975 3834 mariofi’ruatur.
1025 3711 1113 3804 Hic
1131 3714 1371 3804 Heinrisus
1386 3715 1562 3804 videtur
1575 3715 1781 3836 predium
1803 3719 1851 3805 in
1862 3715 1997 3806 Helle
2015 3741 2114 3806 cou-

588 3833 736 3950 'wlff’
758 3833 861 3949 ducj
889 3829 1120 3924 Waurarie
1141 3834 1217 3927 vel,
1232 3834 1327 3920 eius
1347 3833 1585 3948 auteceffor
1605 3861 1721 3923 arcuo
1748 3853 1872 3953 1237.
1911 3833 2029 3951 obijr
2039 3861 2114 4037 Z
2169 3837 2174 3844 ’

387 4058 388 4064 Ν
598 3951 757 4045 Nonas
772 3949 961 4070 Aprilis.
989 3949 1038 4036 in
1065 3951 1258 4069 capitulo
1273 3951 1448 4056 ‚Sancte
1460 3950 1618 4040 Marie
1621 3949 1710 4068 fieb
1732 3951 1882 4068 lapide
1903 3951 2087 4040 inme'

565 4177 566 4182 Ν
598 4067 664 4186 est
668 4068 884 4189 sepultus.
944 4063 1047 4156 Hiis
1067 4065 1335 4188 temporibus
1335 4070 1502 4187 floruit
1524 4067 1804 4160 Raimuadus
1825 4070 1902 4192 qui
1911 4067 2113 4159 dessetm

598 4187 665 4278 les
688 4186 921 4333 compsffuit
940 4182 1049 4297 iuffu
1079 4185 1291 4306 Gregorii
1304 4215 1437 4304 pape.
1463 4187 1528 4274 ix.
2099 4253 2103 4260 .

716 4297 775 4393 Μ
793 4369 804 4392 .
819 4329 889 4392 co.
902 4297 1035 4394 xlvii.
1079 4297 1321 4394 Ortolfus.
1356 4329 1471 4393 vnn.
1497 4294 1653 4392 annis.
1685 4293 1883 4392 demum
1908 4293 2117 4424 deponi·

599 4431 705 4532 tur,
745 4434 790 4510 et
842 4423 1039 4513 riuatam
1062 4421 1221 4510 bonam
1241 4423 1380 4510 vitam
1404 4419 1539 4510 duxit
1564 4420 1692 4541 sffque
1711 4419 1779 4509 ad
1797 4438 1997 4541 tempora
2018 4421 2115 4510 Fre
2191 4504 2195 4520 ,

535 4589 546 4605 f*
599 4537 737 4628 dorici
816 4538 944 4630 batis.
977 4572 1061 4664 quo
1074 4538 1322 4658 presedente
1338 4567 1455 4628 anno
1465 4539 1574 4658 plus
1592 4543 1675 4626 aa
1695 4540 1840 4629 minus
1868 4565 1933 4630 ιε.
1953 4535 2016 4658 est
2037 4538 2114 4628 de·

546 4662 551 4673 “
583 4657 791 4777 functus.
850 4653 1009 4748 Huius
1034 4667 1262 4779 tempore
1267 4655 1371 4778 fuit
1392 4657 1630 4777 capitulum
1656 4654 1934 4780 Salczpurge.
1960 4655 2113 4746 ehtde·-

603 4774 778 4866 claratc
799 4789 858 4884 ,ct
875 4778 1132 4894 corfirmate
1143 4779 1258 4899 suat
1271 4772 1608 4898 constitutiones
1620 4771 1924 4891 predictorum
1938 4775 2115 4893 pontifi·

834 4925 839 4932 ·
1413 4968 1415 4973 .
1497 4929 1500 4933 ·
1612 4967 1616 4973 .
1748 4943 1751 4949 ·
1960 4923 2060 4984 cum
