<?xml version="1.0" encoding="UTF-8"?>
<!DOCTYPE html PUBLIC "-//W3C//DTD XHTML 1.0 Transitional//EN"
    "http://www.w3.org/TR/xhtml1/DTD/xhtml1-transitional.dtd">
<html xmlns="http://www.w3.org/1999/xhtml" xml:lang="en" lang="en">
 <head>
  <title>
</title>
<meta http-equiv="Content-Type" content="text/html;charset=utf-8" />
  <meta name='ocr-system' content='tesseract 3.04.00' />
  <meta name='ocr-capabilities' content='ocr_page ocr_carea ocr_par ocr_line ocrx_word'/>
</head>
<body>
  <div class='ocr_page' id='page_1' title='image "./rerumavstriacar00raucgoog_0136.png"; bbox 0 0 4717 6050; ppageno 0'>
   <div class='ocr_carea' id='block_1_1' title="bbox 571 386 1915 572">
    <p class='ocr_par' dir='ltr' id='par_1_1' title="bbox 571 385 1915 572">
     <span class='ocr_line' id='line_1_1' title="bbox 571 386 1915 572; baseline 0.004 -42"><span class='ocrx_word' id='word_1_1' title='bbox 571 434 575 443; x_wconf 83' lang='grc'><strong>“</strong></span> <span class='ocrx_word' id='word_1_2' title='bbox 728 386 1351 572; x_wconf 12' lang='lat' dir='ltr'><strong>.&#39;.s*T1R1AE.⁷</strong></span> <span class='ocrx_word' id='word_1_3' title='bbox 1505 395 1511 405; x_wconf 55' lang='grc'>’</span> <span class='ocrx_word' id='word_1_4' title='bbox 1665 397 1915 555; x_wconf 53' lang='lat'><strong>1237·</strong></span> 
     </span>
    </p>
   </div>
   <div class='ocr_carea' id='block_1_2' title="bbox 109 550 1897 2651">
    <p class='ocr_par' dir='ltr' id='par_1_2' title="bbox 109 550 1897 2651">
     <span class='ocr_line' id='line_1_2' title="bbox 183 550 430 601; baseline -0.004 -35"><span class='ocrx_word' id='word_1_5' title='bbox 183 554 197 601; x_wconf 55' lang='lat'>„</span> <span class='ocrx_word' id='word_1_6' title='bbox 274 550 278 559; x_wconf 92' lang='lat'><strong>.</strong></span> <span class='ocrx_word' id='word_1_7' title='bbox 426 558 430 565; x_wconf 84' lang='lat'><strong>.</strong></span> 
     </span>
     <span class='ocr_line' id='line_1_3' title="bbox 388 656 1098 788; baseline -0.007 -31"><span class='ocrx_word' id='word_1_8' title='bbox 388 659 623 788; x_wconf 76' lang='lat' dir='ltr'>Su&#39;panus</span> <span class='ocrx_word' id='word_1_9' title='bbox 642 656 822 755; x_wconf 76' lang='lat' dir='ltr'><strong>Iwanz.</strong></span> <span class='ocrx_word' id='word_1_10' title='bbox 863 683 887 775; x_wconf 69' lang='lat' dir='ltr'><em>j</em></span> <span class='ocrx_word' id='word_1_11' title='bbox 956 711 962 723; x_wconf 38' lang='grc' dir='ltr'><em>ι</em></span> <span class='ocrx_word' id='word_1_12' title='bbox 1094 720 1098 727; x_wconf 89' lang='lat'>·</span> 
     </span>
     <span class='ocr_line' id='line_1_4' title="bbox 389 777 1897 907; baseline -0.005 -32"><span class='ocrx_word' id='word_1_13' title='bbox 389 780 619 907; x_wconf 88' lang='lat' dir='ltr'><strong>Supanus</strong></span> <span class='ocrx_word' id='word_1_14' title='bbox 643 777 841 873; x_wconf 85' lang='lat' dir='ltr'><strong>Zlaton.</strong></span> <span class='ocrx_word' id='word_1_15' title='bbox 910 792 918 810; x_wconf 85' lang='lat'><strong>·</strong></span> <span class='ocrx_word' id='word_1_16' title='bbox 992 815 996 823; x_wconf 94' lang='lat'>·</span> <span class='ocrx_word' id='word_1_17' title='bbox 1079 832 1083 840; x_wconf 39' lang='grc' dir='ltr'><em>ι</em></span> <span class='ocrx_word' id='word_1_18' title='bbox 1893 840 1897 849; x_wconf 63' lang='grc'><strong>.</strong></span> 
     </span>
     <span class='ocr_line' id='line_1_5' title="bbox 143 890 1851 1023; baseline -0.001 -29"><span class='ocrx_word' id='word_1_19' title='bbox 143 984 148 994; x_wconf 93' lang='grc'><strong>.</strong></span> <span class='ocrx_word' id='word_1_20' title='bbox 213 975 217 992; x_wconf 86' lang='grc'><em>,</em></span> <span class='ocrx_word' id='word_1_21' title='bbox 390 896 620 1023; x_wconf 84' lang='lat' dir='ltr'><strong>Supanus</strong></span> <span class='ocrx_word' id='word_1_22' title='bbox 649 894 860 1021; x_wconf 84' lang='lat' dir='ltr'><strong>Droget.</strong></span> <span class='ocrx_word' id='word_1_23' title='bbox 896 920 1101 1019; x_wconf 85' lang='lat' dir='ltr'><strong>quarum</strong></span> <span class='ocrx_word' id='word_1_24' title='bbox 1124 894 1353 991; x_wconf 80' lang='lat' dir='ltr'><strong>villarum</strong></span> <span class='ocrx_word' id='word_1_25' title='bbox 1383 890 1606 1015; x_wconf 72' lang='lat' dir='ltr'><strong>redditus</strong></span> <span class='ocrx_word' id='word_1_26' title='bbox 1640 892 1787 995; x_wconf 81' lang='lat' dir='ltr'><strong>dena·</strong></span> <span class='ocrx_word' id='word_1_27' title='bbox 1846 960 1851 972; x_wconf 89' lang='lat'>-</span> 
     </span>
     <span class='ocr_line' id='line_1_6' title="bbox 152 1010 1518 1138; baseline -0.014 -24"><span class='ocrx_word' id='word_1_28' title='bbox 152 1051 156 1059; x_wconf 81' lang='grc'>’</span> <span class='ocrx_word' id='word_1_29' title='bbox 277 1019 476 1113; x_wconf 81' lang='lat' dir='ltr'><strong>riorum.</strong></span> <span class='ocrx_word' id='word_1_30' title='bbox 505 1029 673 1109; x_wconf 86' lang='lat' dir='ltr'><strong>tamen</strong></span> <span class='ocrx_word' id='word_1_31' title='bbox 693 1010 942 1109; x_wconf 71' lang='lat' dir='ltr'><strong>soluentes</strong></span> <span class='ocrx_word' id='word_1_32' title='bbox 963 1012 1154 1138; x_wconf 86' lang='lat' dir='ltr'><strong>ignoro.</strong></span> <span class='ocrx_word' id='word_1_33' title='bbox 1510 1076 1518 1095; x_wconf 72' lang='lat'><strong>.</strong></span> 
     </span>
     <span class='ocr_line' id='line_1_7' title="bbox 248 1128 1791 1253; baseline -0.001 -27"><span class='ocrx_word' id='word_1_34' title='bbox 248 1182 252 1188; x_wconf 58' lang='grc'><em>»</em></span> <span class='ocrx_word' id='word_1_35' title='bbox 391 1133 516 1227; x_wconf 85' lang='lat' dir='ltr'><strong>Item</strong></span> <span class='ocrx_word' id='word_1_36' title='bbox 540 1131 687 1225; x_wconf 87' lang='lat' dir='ltr'><strong>vinee</strong></span> <span class='ocrx_word' id='word_1_37' title='bbox 711 1128 843 1225; x_wconf 80' lang='lat' dir='ltr'><strong>culte</strong></span> <span class='ocrx_word' id='word_1_38' title='bbox 868 1128 997 1244; x_wconf 72' lang='lat' dir='ltr'><strong>cirea</strong></span> <span class='ocrx_word' id='word_1_39' title='bbox 1031 1128 1243 1253; x_wconf 81' lang='lat' dir='ltr'><strong>Ratgerl</strong></span> <span class='ocrx_word' id='word_1_40' title='bbox 1274 1130 1392 1225; x_wconf 83' lang='lat' dir='ltr'><strong>vrch</strong></span> <span class='ocrx_word' id='word_1_41' title='bbox 1425 1132 1545 1227; x_wconf 88' lang='lat' dir='ltr'><strong>sunt.</strong></span> <span class='ocrx_word' id='word_1_42' title='bbox 1586 1132 1791 1226; x_wconf 79' lang='lat' dir='ltr'><strong>xxxviii.¹</strong></span> 
     </span>
     <span class='ocr_line' id='line_1_8' title="bbox 281 1161 1647 1371; baseline -0.003 -27"><span class='ocrx_word' id='word_1_43' title='bbox 281 1264 333 1345; x_wconf 86' lang='lat' dir='ltr'><strong>et</strong></span> <span class='ocrx_word' id='word_1_44' title='bbox 356 1246 573 1343; x_wconf 78' lang='lat' dir='ltr'><strong>dimidia.</strong></span> <span class='ocrx_word' id='word_1_45' title='bbox 596 1245 798 1343; x_wconf 84' lang='lat' dir='ltr'><strong>Summa</strong></span> <span class='ocrx_word' id='word_1_46' title='bbox 818 1245 1116 1371; x_wconf 87' lang='lat' dir='ltr'><strong>perchrecht</strong></span> <span class='ocrx_word' id='word_1_47' title='bbox 1135 1161 1318 1341; x_wconf 72' lang='lat' dir='ltr'><strong>totalis.</strong></span> <span class='ocrx_word' id='word_1_48' title='bbox 1350 1280 1395 1340; x_wconf 87' lang='lat' dir='ltr'><strong>x.</strong></span> <span class='ocrx_word' id='word_1_49' title='bbox 1419 1248 1647 1343; x_wconf 82' lang='lat' dir='ltr'><strong>Carrede.</strong></span> 
     </span>
     <span class='ocr_line' id='line_1_9' title="bbox 391 1359 1832 1492; baseline 0.001 -33"><span class='ocrx_word' id='word_1_50' title='bbox 391 1362 595 1459; x_wconf 78' lang='lat' dir='ltr'><strong>Summa</strong></span> <span class='ocrx_word' id='word_1_51' title='bbox 614 1360 786 1456; x_wconf 80' lang='lat' dir='ltr'><strong>totalis</strong></span> <span class='ocrx_word' id='word_1_52' title='bbox 805 1359 1105 1487; x_wconf 85' lang='lat' dir='ltr'><strong>prediorum.</strong></span> <span class='ocrx_word' id='word_1_53' title='bbox 1130 1361 1194 1457; x_wconf 86' lang='lat' dir='ltr'><strong>de</strong></span> <span class='ocrx_word' id='word_1_54' title='bbox 1221 1362 1401 1473; x_wconf 86' lang='lat' dir='ltr'>Officio</span> <span class='ocrx_word' id='word_1_55' title='bbox 1413 1362 1800 1492; x_wconf 64' lang='lat' dir='ltr'><strong>Ratgerspvrch.</strong></span> <span class='ocrx_word' id='word_1_56' title='bbox 1827 1380 1832 1397; x_wconf 82' lang='lat'>&#39;</span> 
     </span>
     <span class='ocr_line' id='line_1_10' title="bbox 115 1478 1785 1607; baseline -0.001 -28"><span class='ocrx_word' id='word_1_57' title='bbox 115 1514 165 1578; x_wconf 90' lang='grc'><strong>·.</strong></span> <span class='ocrx_word' id='word_1_58' title='bbox 278 1512 376 1583; x_wconf 84' lang='lat' dir='ltr'><strong>ecc.</strong></span> <span class='ocrx_word' id='word_1_59' title='bbox 398 1480 489 1578; x_wconf 84' lang='lat' dir='ltr'><strong>Lv.</strong></span> <span class='ocrx_word' id='word_1_60' title='bbox 522 1495 574 1575; x_wconf 87' lang='lat' dir='ltr'><strong>et</strong></span> <span class='ocrx_word' id='word_1_61' title='bbox 596 1478 666 1574; x_wconf 89' lang='lat' dir='ltr'><strong>Su</strong></span> <span class='ocrx_word' id='word_1_62' title='bbox 702 1479 797 1573; x_wconf 84' lang='lat' dir='ltr'><strong>ani.</strong></span> <span class='ocrx_word' id='word_1_63' title='bbox 825 1478 993 1572; x_wconf 85' lang='lat' dir='ltr'><strong>xxxiii</strong></span> <span class='ocrx_word' id='word_1_64' title='bbox 1038 1493 1207 1605; x_wconf 87' lang='lat' dir='ltr'><strong>preter</strong></span> <span class='ocrx_word' id='word_1_65' title='bbox 1251 1481 1367 1577; x_wconf 90' lang='lat' dir='ltr'><strong>illos</strong></span> <span class='ocrx_word' id='word_1_66' title='bbox 1414 1482 1510 1575; x_wconf 85' lang='lat' dir='ltr'><strong>sex.</strong></span> <span class='ocrx_word' id='word_1_67' title='bbox 1556 1478 1785 1607; x_wconf 82' lang='lat' dir='ltr'><strong>Supanos</strong></span> 
     </span>
     <span class='ocr_line' id='line_1_11' title="bbox 276 1592 1214 1696; baseline -0.009 0"><span class='ocrx_word' id='word_1_68' title='bbox 276 1598 486 1696; x_wconf 80' lang='lat' dir='ltr'><strong>antescri</strong></span> <span class='ocrx_word' id='word_1_69' title='bbox 522 1612 616 1692; x_wconf 69' lang='grc' dir='ltr'><strong>τος.</strong></span> <span class='ocrx_word' id='word_1_70' title='bbox 689 1592 871 1689; x_wconf 87' lang='lat' dir='ltr'><strong>hrinko</strong></span> <span class='ocrx_word' id='word_1_71' title='bbox 895 1610 946 1689; x_wconf 88' lang='lat' dir='ltr'><strong>et</strong></span> <span class='ocrx_word' id='word_1_72' title='bbox 966 1610 1175 1689; x_wconf 83' lang='lat' dir='ltr'><strong>ceteros.</strong></span> <span class='ocrx_word' id='word_1_73' title='bbox 1212 1666 1214 1673; x_wconf 81' lang='grc'><strong>.</strong></span> 
     </span>
     <span class='ocr_line' id='line_1_12' title="bbox 317 1628 1555 1810; baseline -0.002 0"><span class='ocrx_word' id='word_1_74' title='bbox 317 1732 322 1741; x_wconf 83' lang='grc'><strong>’</strong></span> <span class='ocrx_word' id='word_1_75' title='bbox 392 1628 589 1810; x_wconf 60' lang='lat' dir='ltr'><strong>Exilis</strong></span> <span class='ocrx_word' id='word_1_76' title='bbox 615 1728 780 1808; x_wconf 83' lang='lat' dir='ltr'><strong>autem</strong></span> <span class='ocrx_word' id='word_1_77' title='bbox 838 1710 990 1807; x_wconf 77' lang='lat' dir='ltr'><strong>tediis</strong></span> <span class='ocrx_word' id='word_1_78' title='bbox 1011 1712 1132 1805; x_wconf 82' lang='lat' dir='ltr'><strong>lunt.</strong></span> <span class='ocrx_word' id='word_1_79' title='bbox 1149 1712 1332 1808; x_wconf 81' lang='lat' dir='ltr'><strong>lxxxv</strong></span> <span class='ocrx_word' id='word_1_80' title='bbox 1357 1711 1555 1808; x_wconf 84' lang='lat' dir='ltr'><strong>inculta.</strong></span> 
     </span>
     <span class='ocr_line' id='line_1_13' title="bbox 392 1829 1784 1937; baseline -0.003 -10"><span class='ocrx_word' id='word_1_81' title='bbox 392 1830 593 1927; x_wconf 85' lang='lat' dir='ltr'><strong>Summa</strong></span> <span class='ocrx_word' id='word_1_82' title='bbox 636 1860 757 1926; x_wconf 85' lang='lat' dir='ltr'><strong>vero</strong></span> <span class='ocrx_word' id='word_1_83' title='bbox 794 1922 798 1927; x_wconf 80' lang='grc'>,</span> <span class='ocrx_word' id='word_1_84' title='bbox 856 1830 984 1937; x_wconf 87' lang='lat' dir='ltr'><strong>ritici</strong></span> <span class='ocrx_word' id='word_1_85' title='bbox 1013 1829 1184 1923; x_wconf 86' lang='lat' dir='ltr'><strong>totalis</strong></span> <span class='ocrx_word' id='word_1_86' title='bbox 1218 1830 1364 1923; x_wconf 76' lang='lat' dir='ltr'><strong>liuius</strong></span> <span class='ocrx_word' id='word_1_87' title='bbox 1401 1830 1580 1925; x_wconf 83' lang='lat' dir='ltr'><strong>Officii.</strong></span> <span class='ocrx_word' id='word_1_88' title='bbox 1621 1829 1784 1924; x_wconf 85' lang='lat' dir='ltr'><strong>lxxxv.</strong></span> 
     </span>
     <span class='ocr_line' id='line_1_14' title="bbox 109 1944 1787 2089; baseline -0.004 -42"><span class='ocrx_word' id='word_1_89' title='bbox 109 2026 115 2034; x_wconf 75' lang='lat'><em>,</em></span> <span class='ocrx_word' id='word_1_90' title='bbox 273 1946 440 2046; x_wconf 90' lang='lat' dir='ltr'><strong>Modii</strong></span> <span class='ocrx_word' id='word_1_91' title='bbox 476 1948 561 2089; x_wconf 67' lang='lat' dir='ltr'><strong>qui</strong></span> <span class='ocrx_word' id='word_1_92' title='bbox 593 1944 795 2043; x_wconf 82' lang='lat' dir='ltr'><strong>faciunt.</strong></span> <span class='ocrx_word' id='word_1_93' title='bbox 827 1945 943 2041; x_wconf 90' lang='lat' dir='ltr'><strong>xvii.</strong></span> <span class='ocrx_word' id='word_1_94' title='bbox 980 1945 1172 2039; x_wconf 80' lang='lat' dir='ltr'>Muttas</span> <span class='ocrx_word' id='word_1_95' title='bbox 1206 1946 1452 2040; x_wconf 86' lang='lat' dir='ltr'><strong>Australes</strong></span> <span class='ocrx_word' id='word_1_96' title='bbox 1478 1948 1787 2070; x_wconf 83' lang='lat' dir='ltr'><strong>computatis.</strong></span> 
     </span>
     <span class='ocr_line' id='line_1_15' title="bbox 271 2060 1888 2205; baseline -0.004 -44"><span class='ocrx_word' id='word_1_97' title='bbox 271 2096 336 2177; x_wconf 80' lang='lat' dir='ltr'><strong>v.</strong></span> <span class='ocrx_word' id='word_1_98' title='bbox 356 2063 547 2162; x_wconf 87' lang='lat' dir='ltr'><strong>Modus</strong></span> <span class='ocrx_word' id='word_1_99' title='bbox 568 2095 661 2205; x_wconf 88' lang='lat' dir='ltr'><strong>pro</strong></span> <span class='ocrx_word' id='word_1_100' title='bbox 685 2066 866 2161; x_wconf 81' lang='lat' dir='ltr'><strong>Mutta.</strong></span> <span class='ocrx_word' id='word_1_101' title='bbox 921 2062 1044 2156; x_wconf 83' lang='lat' dir='ltr'><strong>ltem</strong></span> <span class='ocrx_word' id='word_1_102' title='bbox 1064 2060 1276 2156; x_wconf 87' lang='lat' dir='ltr'><strong>totidem</strong></span> <span class='ocrx_word' id='word_1_103' title='bbox 1308 2092 1481 2155; x_wconf 82' lang='lat' dir='ltr'><strong>auene.</strong></span> <span class='ocrx_word' id='word_1_104' title='bbox 1512 2062 1637 2155; x_wconf 88' lang='lat' dir='ltr'><strong>ltem</strong></span> <span class='ocrx_word' id='word_1_105' title='bbox 1673 2061 1786 2156; x_wconf 80' lang='lat' dir='ltr'><strong>fabe</strong></span> <span class='ocrx_word' id='word_1_106' title='bbox 1874 2064 1888 2125; x_wconf 73' lang='lat'><strong>·&#39;</strong></span> 
     </span>
     <span class='ocr_line' id='line_1_16' title="bbox 206 2180 1871 2311; baseline -0.01 -31"><span class='ocrx_word' id='word_1_107' title='bbox 206 2217 211 2230; x_wconf 92' lang='lat'><strong>·</strong></span> <span class='ocrx_word' id='word_1_108' title='bbox 275 2198 328 2280; x_wconf 86' lang='lat' dir='ltr'><strong>et</strong></span> <span class='ocrx_word' id='word_1_109' title='bbox 351 2212 630 2311; x_wconf 79' lang='lat' dir='ltr'><strong>papanem.</strong></span> <span class='ocrx_word' id='word_1_110' title='bbox 660 2183 742 2277; x_wconf 83' lang='lat' dir='ltr'><strong>vii.</strong></span> <span class='ocrx_word' id='word_1_111' title='bbox 763 2180 978 2301; x_wconf 72' lang='lat' dir='ltr'><strong>virlingi.</strong></span> <span class='ocrx_word' id='word_1_112' title='bbox 1067 2214 1073 2226; x_wconf 84' lang='lat'><strong>.</strong></span> <span class='ocrx_word' id='word_1_113' title='bbox 1144 2182 1148 2198; x_wconf 86' lang='lat'>&#39;</span> <span class='ocrx_word' id='word_1_114' title='bbox 1410 2280 1413 2287; x_wconf 13' lang='grc' dir='ltr'><strong><em>Δ</em></strong></span> <span class='ocrx_word' id='word_1_115' title='bbox 1813 2254 1815 2266; x_wconf 87' lang='grc'><strong>,</strong></span> <span class='ocrx_word' id='word_1_116' title='bbox 1869 2214 1871 2221; x_wconf 14' lang='grc' dir='ltr'>κ</span> 
     </span>
     <span class='ocr_line' id='line_1_17' title="bbox 295 2290 1877 2420; baseline 0.003 -33"><span class='ocrx_word' id='word_1_117' title='bbox 295 2376 305 2387; x_wconf 91' lang='grc'><em>,</em></span> <span class='ocrx_word' id='word_1_118' title='bbox 392 2300 518 2395; x_wconf 85' lang='lat' dir='ltr'><strong>Item</strong></span> <span class='ocrx_word' id='word_1_119' title='bbox 562 2299 627 2393; x_wconf 88' lang='lat' dir='ltr'><strong>de</strong></span> <span class='ocrx_word' id='word_1_120' title='bbox 663 2297 889 2391; x_wconf 82' lang='lat' dir='ltr'><strong>Decimis</strong></span> <span class='ocrx_word' id='word_1_121' title='bbox 934 2291 1133 2389; x_wconf 82' lang='lat' dir='ltr'><strong>ibidem.</strong></span> <span class='ocrx_word' id='word_1_122' title='bbox 1170 2290 1225 2386; x_wconf 90' lang='lat' dir='ltr'><strong>C.</strong></span> <span class='ocrx_word' id='word_1_123' title='bbox 1255 2322 1371 2395; x_wconf 77' lang='lat' dir='ltr'><strong>xxv-</strong></span> <span class='ocrx_word' id='word_1_124' title='bbox 1402 2292 1599 2420; x_wconf 86' lang='lat' dir='ltr'><strong>virlingi</strong></span> <span class='ocrx_word' id='word_1_125' title='bbox 1627 2296 1789 2393; x_wconf 84' lang='lat' dir='ltr'><strong>tritici.</strong></span> <span class='ocrx_word' id='word_1_126' title='bbox 1872 2352 1877 2360; x_wconf 94' lang='lat'>·</span> 
     </span>
     <span class='ocr_line' id='line_1_18' title="bbox 279 2408 1250 2537; baseline -0.011 -25"><span class='ocrx_word' id='word_1_127' title='bbox 279 2417 383 2537; x_wconf 86' lang='lat' dir='ltr'><strong>Qui</strong></span> <span class='ocrx_word' id='word_1_128' title='bbox 405 2414 609 2510; x_wconf 84' lang='lat' dir='ltr'><strong>faciunt.</strong></span> <span class='ocrx_word' id='word_1_129' title='bbox 638 2413 754 2507; x_wconf 85' lang='lat' dir='ltr'><strong>xxii.</strong></span> <span class='ocrx_word' id='word_1_130' title='bbox 776 2410 969 2509; x_wconf 84' lang='lat' dir='ltr'><strong>Muttas</strong></span> <span class='ocrx_word' id='word_1_131' title='bbox 988 2408 1250 2505; x_wconf 76' lang='lat' dir='ltr'><strong>Australes.</strong></span> 
     </span>
     <span class='ocr_line' id='line_1_19' title="bbox 352 2524 1790 2651; baseline 0.001 -27"><span class='ocrx_word' id='word_1_132' title='bbox 352 2586 356 2594; x_wconf 93' lang='lat'><em>·</em></span> <span class='ocrx_word' id='word_1_133' title='bbox 393 2532 704 2649; x_wconf 78' lang='lat' dir='ltr'><strong>Itemauene.</strong></span> <span class='ocrx_word' id='word_1_134' title='bbox 727 2526 1030 2651; x_wconf 64' lang='lat' dir='ltr'><strong>ccmirlingi.</strong></span> <span class='ocrx_word' id='word_1_135' title='bbox 1051 2536 1138 2651; x_wconf 89' lang='lat' dir='ltr'><strong>qui</strong></span> <span class='ocrx_word' id='word_1_136' title='bbox 1157 2524 1358 2619; x_wconf 79' lang='lat' dir='ltr'><strong>faciunt.</strong></span> <span class='ocrx_word' id='word_1_137' title='bbox 1388 2527 1572 2627; x_wconf 88' lang='lat' dir='ltr'><strong>xxxvii.</strong></span> <span class='ocrx_word' id='word_1_138' title='bbox 1597 2526 1790 2625; x_wconf 72' lang='lat' dir='ltr'><strong>Multas</strong></span> 
     </span>
    </p>
   </div>
   <div class='ocr_carea' id='block_1_3' title="bbox 49 2646 1923 3943">
    <p class='ocr_par' dir='ltr' id='par_1_3' title="bbox 49 2646 1923 3943">
     <span class='ocr_line' id='line_1_20' title="bbox 273 2646 997 2745; baseline -0.007 0"><span class='ocrx_word' id='word_1_139' title='bbox 273 2646 537 2745; x_wconf 80' lang='lat' dir='ltr'><strong>Australes.</strong></span> <span class='ocrx_word' id='word_1_140' title='bbox 991 2709 997 2719; x_wconf 90' lang='lat'>·</span> 
     </span>
     <span class='ocr_line' id='line_1_21' title="bbox 272 2756 1792 2888; baseline 0.003 -31"><span class='ocrx_word' id='word_1_141' title='bbox 272 2760 276 2770; x_wconf 83' lang='lat'>&#39;</span> <span class='ocrx_word' id='word_1_142' title='bbox 327 2879 332 2888; x_wconf 23' lang='lat'>¹</span> <span class='ocrx_word' id='word_1_143' title='bbox 392 2763 520 2866; x_wconf 85' lang='lat' dir='ltr'><strong>Item</strong></span> <span class='ocrx_word' id='word_1_144' title='bbox 539 2758 863 2856; x_wconf 71' lang='lat' dir='ltr'><strong>Merchflter.</strong></span> <span class='ocrx_word' id='word_1_145' title='bbox 895 2757 949 2853; x_wconf 76' lang='lat' dir='ltr'><strong>c.</strong></span> <span class='ocrx_word' id='word_1_146' title='bbox 970 2756 1026 2853; x_wconf 90' lang='lat' dir='ltr'><strong>L.</strong></span> <span class='ocrx_word' id='word_1_147' title='bbox 1049 2757 1248 2882; x_wconf 86' lang='lat' dir='ltr'><strong>virlingi</strong></span> <span class='ocrx_word' id='word_1_148' title='bbox 1291 2787 1467 2854; x_wconf 74' lang='lat' dir='ltr'><strong>euene:</strong></span> <span class='ocrx_word' id='word_1_149' title='bbox 1476 2760 1561 2885; x_wconf 89' lang='lat' dir='ltr'><strong>qui</strong></span> <span class='ocrx_word' id='word_1_150' title='bbox 1590 2756 1792 2861; x_wconf 81' lang='lat' dir='ltr'><strong>faciunt.</strong></span> 
     </span>
     <span class='ocr_line' id='line_1_22' title="bbox 274 2872 1849 2984; baseline 0 -11"><span class='ocrx_word' id='word_1_151' title='bbox 274 2909 394 2984; x_wconf 82' lang='lat' dir='ltr'><strong>xxv.</strong></span> <span class='ocrx_word' id='word_1_152' title='bbox 425 2878 618 2973; x_wconf 82' lang='lat' dir='ltr'><strong>Muttas</strong></span> <span class='ocrx_word' id='word_1_153' title='bbox 639 2876 888 2973; x_wconf 79' lang='lat' dir='ltr'><strong>Australes</strong></span> <span class='ocrx_word' id='word_1_154' title='bbox 915 2889 967 2971; x_wconf 87' lang='lat' dir='ltr'><strong>et</strong></span> <span class='ocrx_word' id='word_1_155' title='bbox 985 2872 1255 2969; x_wconf 79' lang='lat' dir='ltr'><strong>dimidiam.</strong></span> <span class='ocrx_word' id='word_1_156' title='bbox 1349 2954 1355 2962; x_wconf 95' lang='lat'><strong>.</strong></span> <span class='ocrx_word' id='word_1_157' title='bbox 1816 2942 1849 2973; x_wconf 90' lang='lat'><strong>-.</strong></span> 
     </span>
     <span class='ocr_line' id='line_1_23' title="bbox 390 2990 1788 3121; baseline 0 -29"><span class='ocrx_word' id='word_1_158' title='bbox 390 2992 594 3092; x_wconf 82' lang='lat' dir='ltr'><strong>Summa</strong></span> <span class='ocrx_word' id='word_1_159' title='bbox 614 2991 929 3092; x_wconf 78' lang='lat' dir='ltr'><strong>denariorum</strong></span> <span class='ocrx_word' id='word_1_160' title='bbox 949 3020 1056 3121; x_wconf 88' lang='lat' dir='ltr'><strong>pro.</strong></span> <span class='ocrx_word' id='word_1_161' title='bbox 1087 2991 1221 3089; x_wconf 88' lang='lat' dir='ltr'><strong>lxxx.</strong></span> <span class='ocrx_word' id='word_1_162' title='bbox 1243 2990 1423 3118; x_wconf 70' lang='lat' dir='ltr'><strong>porcis.</strong></span> <span class='ocrx_word' id='word_1_163' title='bbox 1457 3024 1505 3092; x_wconf 79' lang='lat' dir='ltr'><strong>x.</strong></span> <span class='ocrx_word' id='word_1_164' title='bbox 1525 2994 1697 3094; x_wconf 80' lang='lat' dir='ltr'><strong>Marce</strong></span> <span class='ocrx_word' id='word_1_165' title='bbox 1735 3010 1788 3093; x_wconf 85' lang='lat' dir='ltr'><strong>et</strong></span> 
     </span>
     <span class='ocr_line' id='line_1_24' title="bbox 49 3111 962 3212; baseline -0.007 0"><span class='ocrx_word' id='word_1_166' title='bbox 49 3160 55 3171; x_wconf 81' lang='lat'>·</span> <span class='ocrx_word' id='word_1_167' title='bbox 273 3111 490 3212; x_wconf 80' lang='lat' dir='ltr'><strong>dimidie.</strong></span> <span class='ocrx_word' id='word_1_168' title='bbox 522 3128 586 3208; x_wconf 79' lang='lat' dir='ltr'><strong>et.</strong></span> <span class='ocrx_word' id='word_1_169' title='bbox 615 3143 696 3206; x_wconf 90' lang='lat' dir='ltr'><strong>xx.</strong></span> <span class='ocrx_word' id='word_1_170' title='bbox 720 3111 962 3208; x_wconf 53' lang='lat' dir='ltr'><strong>denarii.</strong></span> 
     </span>
     <span class='ocr_line' id='line_1_25' title="bbox 134 3215 1791 3349; baseline 0.002 -26"><span class='ocrx_word' id='word_1_171' title='bbox 134 3259 137 3265; x_wconf 86' lang='lat'><em>·</em></span> <span class='ocrx_word' id='word_1_172' title='bbox 276 3263 285 3282; x_wconf 57' lang='lat'>⁸</span> <span class='ocrx_word' id='word_1_173' title='bbox 392 3230 596 3343; x_wconf 80' lang='lat' dir='ltr'><strong>Summe</strong></span> <span class='ocrx_word' id='word_1_174' title='bbox 628 3259 659 3322; x_wconf 82' lang='lat' dir='ltr'><strong>a</strong></span> <span class='ocrx_word' id='word_1_175' title='bbox 728 3257 883 3320; x_wconf 89' lang='lat' dir='ltr'><strong>orum.</strong></span> <span class='ocrx_word' id='word_1_176' title='bbox 921 3215 1242 3322; x_wconf 44' lang='lat' dir='ltr'><strong>C.L.ve1.1v.</strong></span> <span class='ocrx_word' id='word_1_177' title='bbox 1267 3226 1439 3349; x_wconf 67' lang='lat' dir='ltr'><strong>Marce</strong></span> <span class='ocrx_word' id='word_1_178' title='bbox 1462 3227 1791 3326; x_wconf 87' lang='lat' dir='ltr'><strong>denariorum.</strong></span> 
     </span>
     <span class='ocr_line' id='line_1_26' title="bbox 392 3257 1904 3445; baseline -0.001 -3"><span class='ocrx_word' id='word_1_179' title='bbox 392 3343 598 3442; x_wconf 82' lang='lat' dir='ltr'><strong>Summa</strong></span> <span class='ocrx_word' id='word_1_180' title='bbox 635 3257 952 3438; x_wconf 33' lang='lat' dir='ltr'><strong>&amp;lariorum</strong></span> <span class='ocrx_word' id='word_1_181' title='bbox 986 3338 1050 3436; x_wconf 85' lang='lat' dir='ltr'><strong>de</strong></span> <span class='ocrx_word' id='word_1_182' title='bbox 1116 3342 1270 3439; x_wconf 77' lang='lat' dir='ltr'><strong>tediis</strong></span> <span class='ocrx_word' id='word_1_183' title='bbox 1304 3359 1354 3438; x_wconf 89' lang='lat' dir='ltr'><strong>et</strong></span> <span class='ocrx_word' id='word_1_184' title='bbox 1390 3344 1452 3440; x_wconf 88' lang='lat' dir='ltr'><strong>de</strong></span> <span class='ocrx_word' id='word_1_185' title='bbox 1477 3347 1585 3443; x_wconf 89' lang='lat' dir='ltr'><strong>foro</strong></span> <span class='ocrx_word' id='word_1_186' title='bbox 1607 3346 1791 3445; x_wconf 68' lang='lat' dir='ltr'><strong>Liten·</strong></span> <span class='ocrx_word' id='word_1_187' title='bbox 1897 3367 1904 3377; x_wconf 84' lang='lat'><strong>·</strong></span> 
     </span>
     <span class='ocr_line' id='line_1_27' title="bbox 274 3457 1789 3592; baseline 0 -31"><span class='ocrx_word' id='word_1_188' title='bbox 274 3462 443 3562; x_wconf 81' lang='lat' dir='ltr'><strong>berch.</strong></span> <span class='ocrx_word' id='word_1_189' title='bbox 474 3458 529 3555; x_wconf 90' lang='lat' dir='ltr'><strong>C.</strong></span> <span class='ocrx_word' id='word_1_190' title='bbox 563 3459 737 3565; x_wconf 80' lang='lat' dir='ltr'><strong>Marce</strong></span> <span class='ocrx_word' id='word_1_191' title='bbox 762 3458 937 3553; x_wconf 82' lang='lat' dir='ltr'><strong>minus.</strong></span> <span class='ocrx_word' id='word_1_192' title='bbox 966 3459 1048 3555; x_wconf 84' lang='lat' dir='ltr'><strong>vii.</strong></span> <span class='ocrx_word' id='word_1_193' title='bbox 1133 3459 1259 3556; x_wconf 80' lang='lat' dir='ltr'><strong>arcis</strong></span> <span class='ocrx_word' id='word_1_194' title='bbox 1293 3457 1620 3559; x_wconf 82' lang='lat' dir='ltr'><strong>denariorum.</strong></span> <span class='ocrx_word' id='word_1_195' title='bbox 1663 3470 1789 3592; x_wconf 83' lang='lat' dir='ltr'><strong>¹quos</strong></span> 
     </span>
     <span class='ocr_line' id='line_1_28' title="bbox 274 3575 938 3682; baseline -0.011 -5"><span class='ocrx_word' id='word_1_196' title='bbox 274 3579 425 3677; x_wconf 78' lang='lat' dir='ltr'><strong>tollit.-</strong></span> <span class='ocrx_word' id='word_1_197' title='bbox 453 3575 705 3682; x_wconf 76' lang='lat' dir='ltr'><strong>officialis.</strong></span> <span class='ocrx_word' id='word_1_198' title='bbox 929 3591 938 3631; x_wconf 77' lang='lat'>⁸</span> 
     </span>
     <span class='ocr_line' id='line_1_29' title="bbox 452 3692 1923 3790; baseline -0.003 0"><span class='ocrx_word' id='word_1_199' title='bbox 452 3695 577 3790; x_wconf 86' lang='lat' dir='ltr'><strong>Item</strong></span> <span class='ocrx_word' id='word_1_200' title='bbox 598 3692 831 3790; x_wconf 87' lang='lat' dir='ltr'><strong>Bettowe</strong></span> <span class='ocrx_word' id='word_1_201' title='bbox 851 3705 1008 3789; x_wconf 84' lang='lat' dir='ltr'><strong>vacat.</strong></span> <span class='ocrx_word' id='word_1_202' title='bbox 1318 3751 1327 3766; x_wconf 85' lang='lat'><em>·</em></span> <span class='ocrx_word' id='word_1_203' title='bbox 1499 3715 1505 3728; x_wconf 85' lang='grc'><strong>’</strong></span> <span class='ocrx_word' id='word_1_204' title='bbox 1626 3693 1672 3732; x_wconf 80' lang='grc'><em>”</em></span> <span class='ocrx_word' id='word_1_205' title='bbox 1818 3729 1863 3768; x_wconf 83' lang='lat'><strong>-·</strong></span> <span class='ocrx_word' id='word_1_206' title='bbox 1919 3725 1923 3732; x_wconf 93' lang='lat'><em>·</em></span> 
     </span>
     <span class='ocr_line' id='line_1_30' title="bbox 392 3807 1788 3943; baseline 0.002 -36"><span class='ocrx_word' id='word_1_207' title='bbox 392 3813 451 3907; x_wconf 92' lang='lat' dir='ltr'><strong>In</strong></span> <span class='ocrx_word' id='word_1_208' title='bbox 484 3809 815 3937; x_wconf 84' lang='lat' dir='ltr'><strong>Hasenpuhel.</strong></span> <span class='ocrx_word' id='word_1_209' title='bbox 850 3813 914 3908; x_wconf 89' lang='lat' dir='ltr'><strong>vi.</strong></span> <span class='ocrx_word' id='word_1_210' title='bbox 930 3906 934 3913; x_wconf 83' lang='grc'>,</span> <span class='ocrx_word' id='word_1_211' title='bbox 949 3807 1136 3936; x_wconf 79' lang='lat' dir='ltr'><strong>predia.</strong></span> <span class='ocrx_word' id='word_1_212' title='bbox 1159 3808 1225 3905; x_wconf 85' lang='lat' dir='ltr'><strong>de</strong></span> <span class='ocrx_word' id='word_1_213' title='bbox 1255 3809 1433 3937; x_wconf 79' lang='lat' dir='ltr'><strong>quibus</strong></span> <span class='ocrx_word' id='word_1_214' title='bbox 1456 3812 1613 3910; x_wconf 83' lang='lat' dir='ltr'><strong>habet</strong></span> <span class='ocrx_word' id='word_1_215' title='bbox 1634 3813 1788 3943; x_wconf 84' lang='lat' dir='ltr'><strong>Supe-</strong></span> 
     </span>
    </p>
   </div>
   <div class='ocr_carea' id='block_1_4' title="bbox 193 3961 2104 4876">
    <p class='ocr_par' dir='ltr' id='par_1_4' title="bbox 193 3961 2104 4876">
     <span class='ocr_line' id='line_1_31' title="bbox 272 3961 461 4028; baseline -0.026 0"><span class='ocrx_word' id='word_1_216' title='bbox 272 3961 383 4028; x_wconf 83' lang='lat' dir='ltr'><strong>nus.</strong></span> <span class='ocrx_word' id='word_1_217' title='bbox 413 3961 461 4024; x_wconf 85' lang='lat' dir='ltr'><strong>u.</strong></span> 
     </span>
     <span class='ocr_line' id='line_1_32' title="bbox 376 4041 1474 4171; baseline 0 -31"><span class='ocrx_word' id='word_1_218' title='bbox 376 4047 519 4153; x_wconf 34' lang='lat' dir='ltr'><strong>‘Item</strong></span> <span class='ocrx_word' id='word_1_219' title='bbox 555 4047 608 4140; x_wconf 91' lang='lat' dir='ltr'><strong>in</strong></span> <span class='ocrx_word' id='word_1_220' title='bbox 631 4041 826 4141; x_wconf 86' lang='lat' dir='ltr'><strong>Zedein</strong></span> <span class='ocrx_word' id='word_1_221' title='bbox 882 4042 1035 4140; x_wconf 80' lang='lat' dir='ltr'><strong>tedia.</strong></span> <span class='ocrx_word' id='word_1_222' title='bbox 1074 4077 1121 4140; x_wconf 90' lang='lat' dir='ltr'><strong>v.</strong></span> <span class='ocrx_word' id='word_1_223' title='bbox 1153 4059 1206 4142; x_wconf 83' lang='lat' dir='ltr'><strong>et</strong></span> <span class='ocrx_word' id='word_1_224' title='bbox 1226 4041 1474 4171; x_wconf 68' lang='lat' dir='ltr'><strong>Supanus.</strong></span> 
     </span>
     <span class='ocr_line' id='line_1_33' title="bbox 315 4160 1474 4280; baseline 0 -21"><span class='ocrx_word' id='word_1_225' title='bbox 315 4273 318 4280; x_wconf 46' lang='grc'><strong>,</strong></span> <span class='ocrx_word' id='word_1_226' title='bbox 391 4165 517 4259; x_wconf 85' lang='lat' dir='ltr'><strong>Item</strong></span> <span class='ocrx_word' id='word_1_227' title='bbox 539 4166 593 4257; x_wconf 92' lang='lat' dir='ltr'><strong>in</strong></span> <span class='ocrx_word' id='word_1_228' title='bbox 617 4160 796 4258; x_wconf 86' lang='lat' dir='ltr'><strong>szdo</strong></span> <span class='ocrx_word' id='word_1_229' title='bbox 863 4160 1209 4257; x_wconf 81' lang='lat' dir='ltr'><strong>tantummodo</strong></span> <span class='ocrx_word' id='word_1_230' title='bbox 1230 4161 1300 4258; x_wconf 89' lang='lat' dir='ltr'><strong>Su</strong></span> <span class='ocrx_word' id='word_1_231' title='bbox 1338 4181 1474 4259; x_wconf 75' lang='lat' dir='ltr'><strong>anus,</strong></span> 
     </span>
     <span class='ocr_line' id='line_1_34' title="bbox 396 4277 1760 4409; baseline -0.001 -33"><span class='ocrx_word' id='word_1_232' title='bbox 396 4330 398 4333; x_wconf 25' lang='lat' dir='ltr'>v</span> <span class='ocrx_word' id='word_1_233' title='bbox 450 4281 548 4376; x_wconf 79' lang='lat' dir='ltr'><strong>Hie·</strong></span> <span class='ocrx_word' id='word_1_234' title='bbox 569 4282 881 4406; x_wconf 84' lang='lat' dir='ltr'><strong>reperiuntur</strong></span> <span class='ocrx_word' id='word_1_235' title='bbox 937 4277 1087 4406; x_wconf 67' lang='lat' dir='ltr'><strong>redie</strong></span> <span class='ocrx_word' id='word_1_236' title='bbox 1100 4279 1265 4374; x_wconf 84' lang='lat' dir='ltr'><strong>Officii</strong></span> <span class='ocrx_word' id='word_1_237' title='bbox 1325 4281 1577 4409; x_wconf 77' lang='lat' dir='ltr'><strong>eTyuer.</strong></span> <span class='ocrx_word' id='word_1_238' title='bbox 1754 4364 1760 4374; x_wconf 90' lang='lat'><strong>.</strong></span> 
     </span>
     <span class='ocr_line' id='line_1_35' title="bbox 394 4395 1788 4506; baseline 0.005 -14"><span class='ocrx_word' id='word_1_239' title='bbox 394 4396 579 4506; x_wconf 81' lang='lat' dir='ltr'><strong>Census</strong></span> <span class='ocrx_word' id='word_1_240' title='bbox 621 4426 743 4492; x_wconf 89' lang='lat' dir='ltr'><strong>uero</strong></span> <span class='ocrx_word' id='word_1_241' title='bbox 786 4399 897 4493; x_wconf 88' lang='lat' dir='ltr'><strong>cuiu</strong></span> <span class='ocrx_word' id='word_1_242' title='bbox 943 4397 1044 4492; x_wconf 87' lang='lat' dir='ltr'><strong>&#39;bet</strong></span> <span class='ocrx_word' id='word_1_243' title='bbox 1085 4395 1280 4494; x_wconf 80' lang='lat' dir='ltr'><strong>illorum</strong></span> <span class='ocrx_word' id='word_1_244' title='bbox 1329 4398 1474 4493; x_wconf 83' lang='lat' dir='ltr'><strong>soluit</strong></span> <span class='ocrx_word' id='word_1_245' title='bbox 1524 4403 1788 4498; x_wconf 82' lang='lat' dir='ltr'><strong>annuatim.</strong></span> 
     </span>
     <span class='ocr_line' id='line_1_36' title="bbox 193 4515 2104 4628; baseline 0.001 -14"><span class='ocrx_word' id='word_1_246' title='bbox 193 4537 218 4600; x_wconf 80' lang='grc'><strong>.“</strong></span> <span class='ocrx_word' id='word_1_247' title='bbox 275 4521 359 4614; x_wconf 90' lang='lat' dir='ltr'><strong>iiii.</strong></span> <span class='ocrx_word' id='word_1_248' title='bbox 387 4515 634 4611; x_wconf 83' lang='lat' dir='ltr'><strong>Metretas</strong></span> <span class='ocrx_word' id='word_1_249' title='bbox 659 4515 820 4609; x_wconf 86' lang='lat' dir='ltr'><strong>tritici.</strong></span> <span class='ocrx_word' id='word_1_250' title='bbox 858 4530 910 4610; x_wconf 87' lang='lat' dir='ltr'><strong>et</strong></span> <span class='ocrx_word' id='word_1_251' title='bbox 941 4543 1115 4613; x_wconf 87' lang='lat' dir='ltr'><strong>auene.</strong></span> <span class='ocrx_word' id='word_1_252' title='bbox 1145 4517 1229 4612; x_wconf 90' lang='lat' dir='ltr'><strong>iiii.</strong></span> <span class='ocrx_word' id='word_1_253' title='bbox 1261 4515 1519 4613; x_wconf 80' lang='lat' dir='ltr'><strong>metretas.</strong></span> <span class='ocrx_word' id='word_1_254' title='bbox 1543 4516 1680 4613; x_wconf 80' lang='lat' dir='ltr'><strong>etde</strong></span> <span class='ocrx_word' id='word_1_255' title='bbox 1705 4521 1789 4618; x_wconf 86' lang='lat' dir='ltr'><strong>eis·</strong></span> <span class='ocrx_word' id='word_1_256' title='bbox 1953 4549 1959 4558; x_wconf 89' lang='lat'>·</span> <span class='ocrx_word' id='word_1_257' title='bbox 2098 4620 2104 4628; x_wconf 78' lang='grc'>,</span> 
     </span>
     <span class='ocr_line' id='line_1_37' title="bbox 275 4629 2083 4848; baseline 0 -117"><span class='ocrx_word' id='word_1_258' title='bbox 275 4637 403 4733; x_wconf 85' lang='lat' dir='ltr'><strong>dem</strong></span> <span class='ocrx_word' id='word_1_259' title='bbox 443 4633 509 4727; x_wconf 91' lang='lat' dir='ltr'><strong>iii.</strong></span> <span class='ocrx_word' id='word_1_260' title='bbox 545 4631 754 4730; x_wconf 87' lang='lat' dir='ltr'><strong>loluunt.</strong></span> <span class='ocrx_word' id='word_1_261' title='bbox 788 4659 939 4728; x_wconf 88' lang='lat' dir='ltr'><strong>vnum</strong></span> <span class='ocrx_word' id='word_1_262' title='bbox 968 4661 1190 4758; x_wconf 84' lang='lat' dir='ltr'><strong>porcum.</strong></span> <span class='ocrx_word' id='word_1_263' title='bbox 1221 4649 1318 4732; x_wconf 81' lang='lat' dir='ltr'><strong>aut.</strong></span> <span class='ocrx_word' id='word_1_264' title='bbox 1350 4663 1430 4732; x_wconf 85' lang='lat' dir='ltr'><strong>xv.</strong></span> <span class='ocrx_word' id='word_1_265' title='bbox 1461 4629 1712 4848; x_wconf 62' lang='lat' dir='ltr'><strong>denariosd</strong></span> <span class='ocrx_word' id='word_1_266' title='bbox 1739 4653 1789 4731; x_wconf 83' lang='lat' dir='ltr'><strong>et</strong></span> <span class='ocrx_word' id='word_1_267' title='bbox 1901 4689 1905 4700; x_wconf 88' lang='lat'><strong>·</strong></span> <span class='ocrx_word' id='word_1_268' title='bbox 2079 4699 2083 4706; x_wconf 91' lang='lat'><em>-</em></span> 
     </span>
     <span class='ocr_line' id='line_1_38' title="bbox 1576 4779 1826 4876; baseline 0.008 -32"><span class='ocrx_word' id='word_1_269' title='bbox 1576 4779 1731 4876; x_wconf 88' lang='lat' dir='ltr'>quo·</span> <span class='ocrx_word' id='word_1_270' title='bbox 1824 4833 1826 4836; x_wconf 95' lang='lat'>.</span> 
     </span>
    </p>
   </div>
   <div class='ocr_carea' id='block_1_5' title="bbox 0 0 2364 6050">
    <p class='ocr_par' dir='ltr' id='par_1_5' title="bbox 0 0 2364 6050">
     <span class='ocr_line' id='line_1_39' title="bbox 0 0 2364 6050; baseline 0 0"><span class='ocrx_word' id='word_1_271' title='bbox 0 0 2364 6050; x_wconf 95' lang='lat' dir='ltr'><strong> </strong></span> 
     </span>
    </p>
   </div>
  </div>
 </body>
</html>
