4717 6050
588 442 696 527 :³94-
916 412 973 495 v.
1025 410 1667 533 nnuunnnrrrorrea
1768 460 1774 470 ·

662 625 733 721 Μ.
744 622 838 743 xiij.
879 620 1161 749 Perngerus
1203 620 1466 747 ‘episcopus
1504 618 1651 722 Sedit
1688 620 1873 746 patauii
1914 630 2094 725 annis-

539 744 708 865 xlxiij.
771 740 864 835 Hic
907 740 1157 834 ecclelmm
1197 752 1541 865 competenter
1583 740 1712 833 rexit
1745 740 2051 866 pollelliones

539 897 636 992 per
674 860 934 987 pecuniam
976 858 1176 953 ecclelle
1219 858 1525 983 comparauit
1570 854 1674 951 Sed
1712 858 1917 981 pallium
1950 891 2055 959 non

535 981 733 1195 etffauit
770 975 868 1072 lub·
889 972 1150 1072 Gerhardo
1178 974 1363 1073 abbate
1392 977 1586 1073 sanctus
1615 971 1951 1075 Colomannus
1973 1010 2053 1077 oo

532 1102 586 1197 ei
622 1098 718 1191 itur
2083 1170 2089 1183 .

227 1323 232 1332 ,
311 1236 320 1243 ·
444 1240 455 1251 ·
558 1235 560 1239 ’
639 1212 732 1309 Μ.
745 1210 858 1333 xlvi.
889 1208 1214 1337 Engelmarus
1239 1208 1401 1335 ep'ilco
1439 1239 1497 1307 us
1522 1206 1670 1306 Sedit
1734 1212 1883 1305 atauii
1906 1215 2053 1311 annis

395 1340 399 1367 '
532 1334 636 1431 xix.
693 1330 792 1425 'Hic
825 1331 979 1423 eciam
1020 1342 1074 1423 vt
1104 1328 1374 1423 antecellor
1403 1241 1514 1423 funs
1554 1327 1660 1424 eccl
1709 1357 1804 1424 ram
1839 1345 1894 1424 et
1925 1332 2051 1425 cai-

535 1452 699 1549 .tulum
728 1447 876 1541 rebus
920 1461 972 1540 et
999 1443 1274 1541 honoribus
1308 1444 1533 1542 sublimat
1575 1461 1626 1542 et
1656 1444 1752 1541 line
1783 1448 1938 1570 pallio
2005 1479 2050 1542 e·

532 1568 673 1666 eell'rt
744 1562 831 1658 lue
880 1561 1094 1658 nollrum
1142 1563 1485 1659 monasterium
1539 1564 1841 1659 consecrauit
1930 1566 2054 1661 Item

533 1686 745 1783 domum
765 1742 767 1752 ,
784 1682 952 1797 lancti⁸
979 1682 1172 1775 floriani
1198 1713 1232 1773 a
1259 1683 1517 1778 monachis
1556 1681 1827 1777 habitatam
1855 1680 2053 1778 elericir
2225 1767 2233 1780 .

536 1794 842 1929 mancipauit
889 1796 999 1900 Sub,
1029 1799 1270 1894 Heinrico
1320 1830 1436 1925 rege
1476 1799 1643 1893 sancto
1686 1782 2052 1894 babeuweickh

530 1919 842 2019 eoullruitur.
901 1914 1111 2009 Sanctus
1132 1914 1448 2012 Adalwertus
1479 1916 1737 2041 episcopus
1767 1916 1931 2011 floruit
1968 1916 2051 2041 qui

535 2036 850 2135 labacen'sem
881 2030 1132 2130 ecclesiam
1161 2030 1339 2132 fundat
1383 2037 1388 2048 ’
1418 2035 1544 2132 Item
1584 2031 1853 2130 Notlterus‘
1876 2032 2050 2131 doctor

417 2178 425 2189 ’
529 2156 718 2257 duruit.
1064 2217 1070 2228 ι
1477 2204 1483 2213 ·
1542 2254 1546 2262 ,
1712 2204 1717 2211 ¹
1972 2157 1977 2165 ’

658 2270 731 2367 M.
742 2269 842 2365 lxv.
871 2269 1169 2369 Altmannus
1184 2270 1441 2399 episcopus
1464 2267 1753 2395 patauieuds
1777 2266 1912 2364 ledit
1923 2267 2046 2388 xxvi.

532 2392 685 2487 annis
732 2388 822 2484 llle
851 2392 930 2487 vir
960 2387 1122 2483 bonus
1165 2405 1217 2483 et
1249 2390 1501 2514 religiosus
1532 2388 1625 2481 fuit
1668 2396 1718 2479 et
1748 2383 1864 2508 dum
1894 2384 2049 2512 Cano·

538 2510 666 2605 niuis
698 2521 749 2601 et
779 2505 881 2625 alijs
909 2506 1099 2602 clericis
1129 2508 1259 2599 male
1282 2504 1562 2603 viuentibus
1592 2502 1754 2599 resistit
1784 2503 1896 2629 dee
1935 2502 2048 2597 ilco·

538 2636 663 2751 patu
693 2622 915 2719 deiectus
948 2622 1177 2761 ‚pluribus
1218 2625 1359 2717 annis
1389 2652 1521 2716 rome
1566 2653 1675 2715 cum
1700 2650 1835 2831 Papa
1915 2649 2049 2832 refiog

534 2744 617 2839 rio
660 2739 753 2837 fuit
793 2740 845 2833 in
876 2739 1029 2833 huius
1070 2736 1352 2833 deiectione
1396 2738 1561 2833 clerici
1646 2754 1923 2833 receerunt
1958 2803 1963 2809 ·
2002 2739 2052 2833 br

535 2856 806 2984 quemdam
833 2856 1173 2949 'Hermannum
1201 2872 1257 2949 et
1280 2852 1391 2979 poll
1420 2855 1551 2949 hunc
1630 2857 1913 2949 hiemonem
1951 2852 2051 2951 Sed

536 2989 921 3072 neuter-eorum
953 2970 1266 3067 confirmatus
1296 2971 1391 3066 fuit
1442 2968 1545 3069 Sub
1575 2974 1672 3068 hoc
1708 2971 1870 3068 eleeto
1900 2972 2050 3069 Hain·

542 3095 673 3188 ricus
715 3092 988 3214 hnperator
1017 3088 1220 3200 restituit
1261 3087 1460 3184 ecelefie
1490 3089 1649 3185 nostre
1690 3093 1742 3184 in
1769 3091 2054 3215 petenbacb

538 3207 716 3336 predia
768 3238 865 3334 que
909 3203 1203 3304 Christianus
1238 3209 1499 3334 episcopus
1533 3209 1817 3302 contulerat
1853 3206 2051 3303 duobus

531 3324 803 3422 *comitibus
831 3323 920 3418 sub
950 3326 1172 3450 alyramo
1205 3325 1395 3420 abbate.
1465 3322 1763 3421 Altmannus
1799 3356 1918 3420 vero
1950 3327 2050 3452 epi·

539 3444 761 3568 leopatui
792 3440 1026 3542 diuinitus
1057 3440 1301 3538 restitutus
1330 3440 1484 3535 multa
1513 3440 1646 3537 bona
1671 3445 1727 3535 in
1754 3441 1942 3563 dyocest
1975 3470 2049 3536 or·

537 3562 734 3655 dinauit
772 3557 1070 3653 Monalteria
1101 3555 1313 3684 quedam
1339 3557 1608 3652 construxit
1650 3557 1861 3685 quedam
1894 3557 2047 3654 refor-

536 3679 695 3771 mauit
723 3678 954 3800 Interque
981 3673 1216 3771 Gdtwich
1249 3689 1300 3769 et
1318 3675 1534 3768 sanctum
1556 3673 1817 3768 Nicolaum
1834 3676 2048 3774 ‚constru-

538 3795 614 3890 xit
642 3791 1058 3890 Kremblmunller
1098 3808 1149 3890 et
1171 3791 1381 3887 domum
1409 3791 1565 3888 lancti
1586 3793 1784 3888 floriani
1817 3791 2045 3888 reforma·

533 3913 612 4006 uit
641 3914 691 4006 in
718 3909 986 4006 monastica
1016 3908 1283 4036 disciplina.
1506 3992 1512 4000 .
1676 3978 1694 4000 ,

652 4031 781 4126 sltem
813 4057 945 4122 anno
977 4025 1166 4121 domini
1192 4025 1268 4120 Μ.
1280 4025 1443 4145 lxxxij.
1469 4023 1683 4121 nollrum
1713 4025 2047 4122 monasterium

535 4145 845 4240 consecrauit
885 4155 936 4238 et
967 4141 1195 4238 abbatem
1228 4140 1502 4268 dyetricum
1545 4144 1744 4238 instituit
1774 4144 1860 4238 Ille
1889 4145 2043 4239 eecle-

536 4263 649 4357 bam
690 4261 876 4358 Tutich
917 4262 1237 4368 commutauit
1277 4290 1424 4386 qua-m
1460 4290 1596 4354 nunc
1631 4263 1788 4356 habet
1815 4262 2044 4357 monaste-

534 4391 662 4476 rium
682 4377 905 4476 ‘Glewnk
928 4378 1181 4474 Otachero
1200 4377 1479 4472 marchioni
1494 4408 1588 4514 pro
1611 4380 1792 4588 prerllJ'js
1813 4381 1864 4471 in
1883 4377 2044 4474 Hawl·

536 4495 695 4611 ruckh
738 4529 833 4623 que
872 4492 1006 4591 idem
1038 4495 1316 4590 contulerat
1381 4495 1615 4620 iligrrmus
1647 4497 1725 4620 ep'
1749 4527 1807 4590 co
1846 4528 1902 4590 us
1961 4497 2045 4592 llte

530 4616 744 4740 pallium
775 4645 879 4708 non
912 4614 1100 4707 curauit
1127 4611 1233 4707 ‘Sed
1262 4613 1311 4707 le
1348 4627 1387 4706 rt
1416 4614 1468 4706 in
1490 4611 1785 4707 laureacensi
1808 4528 2048 4710 ‘dathedra

533 4746 593 4826 et
617 4729 771 4831 inira
799 4734 911 4858 quia
950 4731 1285 4862 patauieusem
1324 4731 1491 4835 sedeur
1530 4729 1746 4831 Thiemo
1790 4762 1910 4831 occu
1950 4733 2048 4832 auit

1943 4880 1988 4948 a·
