4717 6050
206 1054 208 1063 ‘
324 1028 541 1125 ecclesie.
570 1028 722 1126 sancti
752 1025 840 1123 Ste

761 454 1401 563 renouarentu-
1629 458 1632 466 ’
1704 482 1787 603 to

393 690 470 775 rte
500 686 673 803 ‘preter
700 673 858 772 Duas.
888 676 942 771 in
957 673 1277 775 witmarum
1308 688 1359 771 et
1388 675 1839 776 Karintbi'anorum.
1994 678 1999 685 ’

244 793 251 803 ’
374 826 511 893 urres
535 822 734 920 quoque
758 795 810 887 in
835 790 993 916 Gyro.
1034 792 1216 919 finguli.
1248 792 1462 889 Claustra
1485 795 1700 923 denique
1723 797 1842 892 Sco·

324 930 501 1012 torum.
532 925 584 1007 et
604 910 821 1007 fratrum
851 909 1111 1053 minorum.
1154 938 1248 1004 uec
1282 940 1387 1005 non
1421 926 1473 1007 et
1543 914 1842 1009 arrochiales

879 1028 1009 1119 bani.
1043 1022 1094 1121 et
1118 1026 1270 1122 lancti
1291 1028 1494 1137 Michae
1514 1062 1569 1128 rs.
1601 1045 1653 1124 et
1689 1031 1844 1128 lancti

323 1146 462 1245 Petri
493 1058 875 1271 usque'ad..'c.l
904 1143 1135 1267 hospicia.
1177 1145 1307 1240 circa
1330 1146 1734 1246 ,nouumsorum
1769 1178 1845 1243 re·

198 1374 204 1381 ,
323 1264 595 1364 manencia.
618 1264 673 1359 in
692 1260 962 1359 fauillaset
986 1262 1200 1359 cineres»
1234 1263 1397 1359 enitus
1418 1262 1482 1360 eli
1503 1262 1717 1360 redacta.
1746 1263 1846 1360 Te·

323 1377 1146 1503 staffineseturucruralapidee.co
1181 1392 1376 1478 umato.
1397 1380 1527 1507 igne.
1540 1381 1848 1507 proinquam
2051 1470 2055 1478 .

324 1500 537 1626 plurime
580 1510 896 1595 corruerunt..
925 1494 1053 1591 Tale
1095 1524 1210 1598 nam
1248 1528 1311 1591 ue
1347 1495 1616 1623 dampnum
1646 1496 1866 1593 honesta
1910 1592 1920 1619 ,
1990 1600 1995 1609 ,

326 1618 500 1713 ciuitas
535 1645 565 1709 a
601 1612 899 1711 condicione
934 1614 1016 1707 sua
1048 1644 1154 1709 non
1189 1527 1255 1713 cll
1284 1614 1541 1741 hucusque
1573 1612 1730 1740 preda
1747 1614 1849 1715 nel

324 1730 560 1828 incendio
584 1764 612 1831 a
637 1732 755 1829 Deo
783 1730 1056 1830 confecuta.
1117 1731 1279 1828 Porro
1297 1732 1555 1830 Otakarus
1573 1762 1660 1841 rex
1682 1718 1848 1831 Bobe·
2009 1789 2015 1801 ‚

171 1882 177 1895 ·
325 1852 438 1945 mic.
456 1850 551 1988 fui
576 1848 904 1985 dicta-ciuitas
937 1849 1091 1945 rebus
1120 1864 1170 1942 et
1195 1849 1439 1989 personis.
1471 1848 1724 1975 dignisque
1761 1850 1848 1947 ob·
2025 1966 2029 1977 Ι

223 2050 224 2055 Ν
333 1966 622 2106 lequnsper
648 1996 765 2089 qum
804 1997 865 2061 ue
896 1963 1039 2059 lustra
1072 1964 1310 2063 obcdrurt.
1344 1967 1443 2060 hoc
1467 1981 1706 2103 percepto
1733 1996 1850 2063 con·

322 2116 542 2224 pacrens.
602 2083 734 2183 Nam
822 2081 968 2176 esua
991 2082 1149 2207 regali
1171 2086 1334 2207 gracia
1359 2086 1495 2175 iuxta
1518 2082 1760 2178 nobilium
1781 2084 1848 2178 ia·
1977 2116 1981 2127 ¹

302 2216 649 2327 ·p1entumque
677 2198 1060 2294 confiliariorum
1083 2197 1365 2293 industriam
1380 2198 1686 2323 prelibatam.
1718 2198 1848 2295 Ciui·
1946 2274 1953 2285 .
2042 2265 2053 2286 .

325 2331 482 2413 tatem
496 2346 642 2440 quam
658 2343 868 2415 exnouo
890 2312 1141 2411 conditam
1154 2318 1326 2419 nititur
1348 2315 1620 2410 sublimare.
1635 2314 1697 2409 ab
1714 2317 1850 2411 omni
1905 2378 1918 2391 -

209 2506 211 2511 ,
326 2432 841 2557 namqueexactionis
864 2434 1161 2552 grauamine.
1183 2448 1235 2526 et
1253 2447 1485 2557 mutaque
1519 2462 1609 2556 per
1641 2431 1849 2528 lustrum
1950 2533 1953 2542 ,

322 2548 534 2645 liberam
567 2550 767 2671 penitus
800 2548 1055 2647 relaxauit.
1079 2548 1442 2643 Vnanimitates
1474 2579 1595 2644 vero
1629 2551 1854 2653 omnium
1904 2572 1907 2577 ·

325 2666 664 2761 artificialium.
727 2678 857 2759 reter
877 2662 1090 2757 Moneta
1117 2666 1426 2774 consorcium
1462 2662 1852 2789 omninodepo·

325 2782 442 2877 suit.
456 2794 516 2873 et‘·
530 2810 672 2897 emen
711 2781 794 2874 iet
813 2776 1197 2902 vendendi-tam
1220 2781 1478 2901 incibarijs
1492 2812 1638 2907 quam
1660 2782 1712 2875 in
1726 2813 1851 2877 mer·

326 2897 551 3015 cimonijs
567 2897 908 2991 omnishomo.
929 2924 1020 3019 per
1031 2895 1596 3023 predictorumquinque
1608 2926 1852 2997 annorum

262 3018 265 3026 ’
324 3015 538 3140 spacium
562 3011 745 3112 habeat
764 3012 970 3108 liberam
994 3010 1280 3110 facultatem
1305 3012 1585 3134 Quamdam
1607 3017 1759 3109 etiam
1780 3015 1849 3111 lil-

326 3134 514 3228 namin
536 3129 791 3226 lubfidium
814 3129 1006 3226 ciuibus
1030 3129 1187 3224 libere
1212 3131 1385 3226 tribuit
1404 3146 1455 3227 et
1487 3130 1851 3256 nundinasper

327 3252 473 3344 vuius
496 3247 668 3345 meulrs
689 3247 906 3372 spacium
932 3245 1255 3382 perhenniter
1273 3277 1367 3372 pro
1401 3263 1457 3342 ut
1482 3249 1671 3344 ciuibus
1702 3281 1850 3390 expe·
1881 3358 1883 3361 ⁸

326 3363 433 3460 dire
460 3361 724 3464 videbitur.
747 3359 853 3459 lieri
875 3359 978 3456 ilhc
1011 3361 1147 3459 iuffit.
1208 3365 1333 3458 Item
1358 3366 1686 3476 innocencius
1710 3397 1851 3505 qum·

326 3497 421 3577 tus.
440 3511 585 3607 papa.
617 3479 858 3576 aKarulo
889 3478 1116 3574 lenatore
1139 3479 1275 3574 vr‘bis
1305 3479 1610 3606 perfidillime
1648 3484 1700 3575 in
1732 3487 1861 3598 rnci·‚

327 3600 461 3694 irone
494 3628 622 3693 vene
661 3598 920 3692 toxicatur.
965 3608 1018 3690 et
1051 3597 1132 3712 vij.
1166 3595 1422 3693 kalendas.
1459 3599 1597 3722 Iunij.
1629 3603 1850 3698 moritur.

326 3715 474 3812 Tunc
500 3716 696 3842 eligitur
720 3711 981 3808 Adrianus.
1007 3731 1079 3808 v⁰⁸·
1102 3746 1249 3839 papa.

248 3927 252 3934 .
446 3832 792 3948 M⁰.cc.lxxvj⁰.
823 3829 903 3926 Ad
925 3831 1169 3927 honorem
1184 3848 1235 3927 et
1248 3831 1456 3973 gloriam
1468 3832 1679 3928 Domini
1704 3833 1853 3930 nollri

326 3949 465 4052 ihesu
488 3949 658 4044 christi.
679 3953 855 4044 Amen.
914 3946 964 4040 N
967 3950 1164 4044 ouerint
1186 3949 1392 4044 vnruerlr
1426 3965 1478 4045 et
1500 3949 1681 4076 lmguli.
1714 3951 1853 4077 quod

328 4098 462 4163 anno
497 4063 701 4161 domini.
732 4065 1060 4183 M⁰.cc.lxxij⁰.
1083 4064 1365 4162 Ruedolfus
1386 4066 1727 4165 Romanorum
1749 4099 1852 4168 rex.

191 4277 195 4284 .
329 4183 677 4280 Marchione'm
702 4183 765 4278 de
791 4181 1073 4320 Padenqui
1095 4199 1268 4278 contra
1293 4215 1406 4281 eum
1433 4184 1721 4281 rebellabat.
1764 4208 1851 4281 au·
2014 4189 2019 4200 '

328 4301 450 4396 xilio
471 4299 688 4396 ludwici.
708 4300 914 4426 palatini
925 4321 1046 4394 rem.
1071 4314 1122 4396 et
1144 4300 1355 4397 aliorum
1378 4303 1645 4397 multorum
1668 4304 1851 4517 efisco·

68 4423 120 4461 ¹⁸·
247 4455 249 4461 ·
328 4445 520 4544 porum.
544 4417 891 4513 Marchionum
915 4419 1163 4540 comitum.
1187 4433 1237 4513 et
1259 4420 1513 4515 baronum.
1536 4420 1697 4516 Diuer
1715 4451 1853 4519 arum

197 4561 224 4636 f
328 4535 710 4660 prouinciarum.
747 4534 963 4629 collecto
989 4537 1210 4629 exercitu
1243 4535 1432 4662 grandi.
1454 4537 1612 4660 Ipsum
1643 4555 1696 4634 et
1725 4539 1870 4642 alios·
1960 4571 1965 4587 ·
2129 4557 2135 4568 “

175 4767 176 4774 Ν
255 4671 258 4688 ·
331 4681 480 4777 quam
489 4651 660 4862 flures
675 4653 885 4748 nobiles.
908 4642 1184 4748 insweuiaj
1194 4652 1467 4750 franconia.
1486 4667 1538 4750 et
1548 4653 1735 4752 alsacia.
1757 4688 1851 4750 nec

329 4799 437 4864 non
459 4799 485 4862 a

285 5010 290 5018 Ι
397 4889 583 4984 Votlr.
1059 4887 1143 4993 Ll
1628 4904 1793 5036 'ter
1913 5007 1916 5012 ,

509 4770 1480 4899 iarumprouinciarum.quipoileffiones
1498 4777 1640 4900 regni
1662 4774 1851 4872 violen·
1995 4801 2003 4838 ·
2093 4823 2105 4834 -
